2754 4510
132 503 174 584 5)
202 495 405 579 παιδιᾶς]
426 497 504 564 ΑΙδ.
528 497 561 564 2.
583 497 744 580 παιδείας.
766 491 868 566 Male.

132 607 171 686 6)
202 606 296 682 τοῖς
317 596 478 684 ἰιδόσι]
502 603 580 667 Alo.
604 604 636 668 2.
659 609 729 683 τοῖς
750 605 813 672 δῖοι
834 612 998 687 eomrpte.
1129 671 1132 676 Δ

132 711 172 791 7)
201 702 277 776 οὐκ
297 705 419 773 ἔσται
440 701 605 774 δυνατὰ
628 702 738 775 ἀυτδι
764 711 855 786 τοῖς
883 701 1021 774 ἒιδόοι
1049 707 1120 774 δυ-

202 804 363 899 νάμενα
394 812 694 892 κεκωλυκέναι,
732 804 938 897 ἀγνοοῦσι
959 813 1002 878 δὲ
1023 803 1123 897 ἡμῖν

200 909 251 982 τὰ
278 906 514 994 κωλύοντα,
547 909 707 980 δυνατοὶ
738 911 881 993 ἔσται]
924 912 978 976 Sic
1003 913 1122 997 optime

202 1015 348 1082 correxit
368 1015 472 1080 editor
486 1013 697 1081 Londinensis
719 1018 820 1081 verba
839 1015 985 1100 priorum
1006 1015 1120 1081 editio-

200 1143 288 1199 num,
312 1115 372 1187 οὐκ
391 1117 485 1184 ἔσται
503 1115 630 1186 δυνατοὶ
651 1114 731 1185 ὄντα
746 1121 899 1198 δυνατοῖς
917 1121 984 1186 ,ἰιοι
998 1120 1121 1200 (Havn.

202 1218 306 1292 ἒιδόοι
323 1224 425 1303 recte)
448 1226 508 1310 μὲν
534 1216 622 1290 eiuro
644 1223 875 1301 κεκωλυκέναι,
910 1217 1069 1308 ἀγνοοῦσι
1084 1223 1122 1287 δὲ

201 1321 257 1420 ὑφ’
288 1320 379 1414 ἡμῶν
405 1319 583 1402 κωλύοντες
611 1321 737 1392 δυνατὰ
764 1323 876 1406 ἔσται,
917 1345 999 1409 quae
1026 1345 1121 1388 sensu

201 1449 292 1493 cassa
313 1439 396 1493 sunt.
439 1427 540 1511 Atqui
557 1427 661 1490 dicere
675 1427 743 1490 vult
764 1440 897 1494 auctor:
920 1428 1045 1492 vatibus
1066 1427 1120 1492 vel

202 1529 234 1594 iu
257 1551 373 1616 genere
395 1530 496 1594 doctis
518 1551 687 1614 rerumque
708 1530 835 1614 peritis,
869 1530 924 1614 qui
944 1529 1122 1617 intelligant

202 1655 312 1698 causas
334 1632 559 1716 impedientes,
597 1633 763 1716 quominus
791 1653 844 1696 res
872 1633 943 1696 fieri
973 1634 1119 1716 possint,

201 1737 300 1800 multa
321 1735 422 1800 videri
442 1734 670 1818 impossibilia,
709 1757 790 1818 quae
816 1733 969 1818 imperitis
992 1757 1120 1799 causas-

204 1859 267 1922 que
288 1837 362 1900 istas
383 1837 602 1923 ignorantibus
625 1823 791 1936 vitiantur
812 1837 990 1919 possibilia.
1044 1837 1118 1914 sie,

203 1950 327 2004 utrem
348 1940 493 2024 exemplo
514 1942 725 2018 illustremus,
747 1939 845 2003 nuris
867 1940 920 2003 vel
941 1941 1021 2004 adeo
1042 1941 1121 2004 urbs

203 2065 222 2108 e
244 2042 375 2128 gemmis
396 2055 450 2107 aut
470 2043 648 2129 margaritis
676 2054 859 2108 constructa
886 2040 1040 2126 imperitis
1067 2063 1122 2106 res

204 2146 305 2210 videri
324 2157 433 2228 potest
452 2145 631 2228 possibilis,
656 2145 758 2211 doctis
779 2166 858 2210 vero
880 2165 1050 2228 rerumque
1063 2167 1124 2229 pe·

204 2249 273 2314 ritis
293 2249 387 2331 piane
408 2247 627 2331 impossibilis,
651 2247 822 2312 scientibus
844 2247 979 2332 quippe,
1003 2247 1035 2312 iu
1050 2259 1123 2314 toto

203 2363 362 2416 terrarum
393 2352 474 2414 orbe
501 2371 654 2433 nusquam
674 2362 794 2414 tantum
816 2372 1010 2437 gemmarum
1030 2351 1123 2416 inve·

203 2454 284 2533 niri,
306 2463 343 2517 ut
364 2455 442 2518 urbs
463 2452 537 2518 inde
558 2453 700 2517 construi
720 2453 834 2537 possit.
878 2455 953 2537 (0.)

139 2559 174 2641 8)
202 2557 389 2626 δυνατοῦ
410 2550 544 2635 otto&
565 2558 820 2644 λεγομένου,
849 2549 900 2634 ὡς
920 2554 1123 2647 προείρη-

203 2658 297 2740 ται]
319 2662 514 2746 λεγομένου,
535 2660 624 2743 quot
643 2670 731 2724 recte
741 2658 826 2724 addit
841 2661 893 2723 ed.
907 2660 1017 2724 Lond.
1032 2660 1123 2724 abest

203 2762 237 2830 in
258 2761 383 2826 Aldinis
404 2773 437 2826 et
457 2759 566 2827 Cesel.
609 2761 683 2843 (0.)
939 2829 942 2834 ,

141 2869 177 2949 9)
202 2860 332 2934 Ἀλλὰ
351 2865 478 2931 τοῦτο
498 2871 573 2952 μὲν
593 2856 833 2945 παιζόντων
853 2861 940 2946 stu]
967 2863 1021 2930 Sic
1042 2864 1126 2931 edidi

205 2989 248 3034 ex
275 2968 385 3034 Ham.
414 2967 511 3033 Mon.
545 2978 577 3030 et
608 2964 688 3031 Alo.
716 2966 750 3030 2.
786 2967 865 3032 Ald.
895 2979 1000 3033 autem
1029 2971 1061 3033 1.
1091 2980 1125 3032 et

206 3073 316 3136 Lond.
338 3071 469 3134 habent.
507 3065 620 3137 ’Atini
647 3070 753 3136 ταῦτα
773 3076 834 3160 μὲν
854 3068 1038 3152 παιζόντων
1058 3082 1123 3135 etc.

205 3185 325 3264 puncto
346 3171 604 3259 interrogationis
625 3171 732 3255 posito
756 3185 833 3256 post
854 3169 1006 3261 δόγματι.
1048 3173 1123 3254 (0.)

123 3280 179 3360 10)
205 3275 556 3368 παρισταμένων]
592 3275 669 3342 Alo.
693 3275 725 3338 2.
756 3275 956 3342 vitiosissimo
983 3271 1123 3364 ιτεριστά

206 3403 299 3468 μενα.
743 3425 746 3432 ·
970 3459 974 3472 „

121 3484 178 3565 ss)
205 3486 276 3550 καὶ
296 3475 342 3547 τὸ
362 3483 501 3568 λέγειν
521 3476 568 3546 τὸ
588 3473 772 3562 ἀξίωμα]
794 3480 872 3546 Αλδ.
894 3479 927 3543 2.
945 3482 1001 3548 xci
1018 3475 1057 3546 τὸ
1072 3483 1123 3546 λε’-

207 3607 277 3674 γειν
297 3589 353 3652 καὶ
373 3581 413 3652 τὸ
433 3579 570 3670 ἀξίωμα.
603 3603 606 3610 ’

124 3690 179 3771 12)
207 3678 428 3757 ἐπειδὰνδ
450 3682 471 3768 ἦ
492 3685 708 3774 ναυμαχία
736 3683 934 3770 γένηται]
970 3679 998 3754 δ’
1021 3683 1124 3750 addidi

208 3789 631 3870 ufflffifflf,

126 3895 181 3973 13)
209 3895 395 3964 ἔσεσθαι
416 3890 678 3980 ναυμαχίαν]
702 3889 942 3958 utentium
960 3900 1124 3972 corrupte.
