2748 4514
199 328 259 389 122

196 490 250 560 τὸ
257 489 320 562 όπό
348 517 433 572 τινος
458 490 546 560 κατά
568 487 626 574 τὴν
658 488 780 560 ὂιιιείαν
804 487 973 580 γινόμενον
998 515 1194 586 φυσιν,
1155 490 1200 560 ἐπ’
1231 529 1234 536 ·

196 596 302 686 ἐκείνῳ
321 600 439 683 λέγειν,
469 593 551 702 ἄλλο
569 620 601 662 τι
620 590 857 683 σημαινόμενον
873 595 933 661 τοῦ
954 591 1003 687 ἐφ
1021 591 1098 680 ημῖν
1113 591 1202 674 646-

193 722 260 784 γιον
283 697 326 779 ¹),
354 695 447 790 παρά
468 695 507 764 τό
532 685 781 785 πεπιστευμένον
798 721 832 763 τε
852 703 907 764 καὶ
928 701 1201 788 προειλημμένον,

194 795 214 866 6
239 809 349 892 φαμὲν
376 804 458 868 έιναι
489 798 546 868 διά
579 797 617 866 τό
658 799 738 888 έχειν
772 794 859 887 ἡμᾶς
895 800 1043 881 ἐξουσίαν
1073 801 1138 866 τῶν
1168 803 1202 868 ἐν

193 908 264 981 τοῖς
284 907 521 995 πραττομένοις
553 899 786 989 ἀντικειμένων·
800 897 929 994 φθάνει
951 900 1008 970 διά
1029 903 1092 969 τῶν
1113 899 1200 992 πριό-

192 1030 257 1073 τοιν
277 1003 448 1084 πλεονάκις
470 1007 629 1133 ἐιρῆσθμί
650 1031 684 1073 τε
713 1011 768 1072 καὶ
790 1007 970 1092 δεδεῖχθαι.
1011 1000 1200 1092 Παραπλή-

192 1131 260 1176 σισι
281 1112 316 1176 δέ
338 1105 469 1187 τούτοις
497 1135 553 1175 και
582 1100 674 1186 ὅσοις
695 1105 853 1185 όίλλοις’
837 1133 883 1184 εις
914 1103 1075 1174 σύστασιν
1104 1109 1198 1176 τοῦδε

190 1236 248 1279 του
234 1207 436 1335 δόγματος
457 1207 569 1298 λόγοις
589 1211 853 1331 παρατίθενται,
875 1211 926 1276 ἐπὶ
948 1213 1045 1277 πλέον
1065 1216 1122 1276 καὶ
1143 1214 1199 1297 μέ-

110 1361 111 1366 =
187 1339 244 1402 χρλ
264 1309 417 1402 &walum
439 1338 499 1394 την
520 1317 685 1406 κθμψόλαν
706 1312 848 1402 όχθνϊδς,
884 1309 944 1380 066
973 1314 1007 1378 ἐκ
1034 1313 1094 1394 ϊῆς
1115 1337 1197 1402 προς

189 1413 232 1482 τόι
252 1411 434 1506 πράγματα
454 1420 527 1506 περὶ
547 1417 591 1482 ὡν
612 1418 780 1502 λέγονται,
802 1416 994 1507 συμφωνίας
1015 1411 1074 1496 τὴν
1087 1417 1212 1483 πίστιν·

189 1514 420 1604 λαμβάνοντες.

253 1830 368 1896 Ταῦτα
383 1823 459 1917 ὑμῖν
469 1829 514 1911 ¹),
538 1815 563 1895 6
577 1824 754 1896 θειότατοι
766 1823 1014 1918 άυτοιιράτορες,
1037 1829 1095 1910 τῆς
1101 1823 1194 1920 Ἀρι-

186 1935 359 2010 στστέλους
381 1928 476 2014 δόξης
497 1930 571 2019 περί
595 1957 629 1998 τε
650 1934 843 2022 εἰμαρμένης
867 1937 923 1997 καὶ
947 1933 1006 1998 τοῦ
1035 1926 1085 2023 ἐφ’
1116 1927 1195 2019 ἡμῖν

184 2032 254 2100 κατ’
276 2031 354 2120 έμην
372 2031 492 2115 δόξαν,
513 2031 555 2100 τά
575 2030 758 2120 κεφάλαια,
780 2029 862 2100 καθ’
881 2027 921 2114 ἣν
935 2029 1087 2115 δόξαντες
1101 2035 1146 2112 έίς
1160 2059 1194 2102 τε

183 2135 290 2212 θεοὺς
307 2133 541 2222 έυσιβὴσομεν,
562 2133 605 2202 τόι
616 2145 676 2223 μέν
697 2131 818 2214 ἐιδότες
843 2131 957 2214 αυτοῖς
970 2132 1087 2224 χάριν,
1110 2132 1190 2206 ἄνθ’

143 2237 146 2241 ’
185 2227 228 2305 ὧν
243 2232 421 2330 φθάνομεν
435 2234 484 2304 ὑπ’
498 2235 606 2307 άυτῶν
616 2241 653 2306 εἰί
665 2235 880 2320 πεπονθότες,
901 2236 945 2304 τά
955 2242 990 2306 δέ
1005 2235 1194 2328 άιτοόμτνοι

184 2336 259 2431 παρ’
284 2336 390 2408 ἀυτῶν
411 2336 454 2418 ὡς
478 2337 579 2411 όντων
596 2348 652 2409 καὶ
674 2345 734 2408 τοῦ
748 2343 865 2409 δοῦναι
883 2346 940 2407 καὶ
961 2343 1020 2408 τοῦ
1037 2339 1082 2431 μὴ
1102 2345 1193 2432 κυρί-

183 2469 229 2510 οιν
246 2441 288 2524 ²).
325 2438 500 2532 Ἐσόμεθα
514 2448 549 2512 δὲ
563 2448 636 2537 περί
653 2473 686 2514 τε
705 2442 791 2533 ὑμᾶς
812 2447 840 2528 ³)
862 2451 917 2512 καί
931 2450 1004 2536 περὶ
1018 2441 1095 2523 τοὺς
1114 2440 1208 2532 ὑμῖν

183 2539 322 2632 ὁμοίους
335 2544 498 2638 όίρχοντας
520 2545 705 2637 έυχάριοτοι
721 2543 767 2631 ⁴),
789 2549 896 2614 ταῦτα
917 2544 1124 2638 πράττοντας
1145 2550 1191 2626 ἐις

182 2646 268 2735 ὑμᾶς
290 2650 340 2732 ⁵),
374 2645 397 2716 6'
420 2657 508 2718 ποιεῖ
528 2647 617 2738 ὑμῶν
642 2649 745 2719 οἰκεία
766 2650 957 2740 προαίρεσις
982 2645 1010 2730 ⁶)
1035 2645 1190 2740 πράττειν

181 2746 281 2838 ὑμᾶς,
300 2757 422 2844 αἱρέσει
435 2756 495 2822 τοῦ
505 2757 670 2839 βελτίονος
681 2760 736 2850 καὶ
750 2755 796 2844 τῷ
809 2758 882 2843 περὶ
894 2749 953 2834 τὴν
962 2753 1069 2844 κρίσιν
1085 2749 1189 2820 ἆυτοῡ

182 2855 364 2946 φροντίζειν
383 2853 596 2936 ποιοῦνταςόί
616 2864 752 2937 ποιεῖτε,
775 2852 844 2924 ἀλλ’
862 2851 900 2922 06
915 2857 1189 2945 προκαταβεβλη-

179 2960 289 3042 μένοις
303 2964 387 3025 τισὶν
401 2955 519 3079 άιτίοις
532 2961 717 3049 ἑπομένους,
733 2955 783 3037 ὁῑς
796 2955 976 3044 ἀναγκαῖον
991 2961 1136 3024 ἕπεσθαι
1147 2957 1187 3038 ⁷),

179 3050 200 3155 6
219 3057 259 3127 όίν
277 3063 381 3128 ἐκεῖνα
396 3059 469 3155 ἄγη.
498 3061 725 3150 ΙΙοιησόμεθα
741 3065 776 3128 δὲ
791 3067 847 3128 καὶ
862 3057 978 3152 άρετιῖς
992 3063 1184 3148 ἐπιμέλειαν,

180 3157 223 3240 ὡς
240 3160 330 3243 ὄντες
347 3159 441 3232 άυτοὶ
462 3162 569 3253 κόριοι
590 3191 649 3234 του
635 3160 857 3252 βελτίους”
837 3191 856 3245 η
870 3165 999 3253 χείρους
1014 3167 1185 3249 γενέσθαι.

186 3261 371 3334 Τούτων
334 3295 397 3360 γαρ
417 3263 519 3356 μόνον
532 3263 644 3360 κύριός
658 3293 725 3348 τις,
747 3257 790 3332 ὧν
811 3271 866 3332 καὶ
887 3267 947 3333 τοῦ
964 3262 1012 3386 μὴ
1030 3262 1185 3357 πράττειν

180 3365 281 3448 άυτός
295 3369 356 3453 )
338 3397 457 3460 εχει
418 3369 645 3454 τὴνέξουσίαν,
667 3377 722 3437 και
733 3396 775 3437 τα
762 3366 939 3449 άλλαὸέ,
908 3361 1026 3436 έὸσα
1039 3364 1185 3458 πρόπο-

177 3495 236 3557 μεν
257 3471 342 3540 κατὰ
362 3472 424 3541 τόν
445 3475 519 3562 βίον
530 3527 538 3556 ,
561 3467 614 3540 ὅτι
629 3467 736 3561 μόνως
756 3467 897 3558 έυλόμαις
917 3421 1071 3562 ιίράττειν
1089 3469 1130 3538 ι’ίν
1150 3475 1184 3552 9)

103 3567 105 3573 “
177 3577 347 3662 δοκοῑμεν,
379 3580 407 3644 ἐι
437 3575 523 3645 κατά
549 3576 607 3660 τὴν
624 3575 876 3668 Ἀριστοτέλους
901 3571 999 3654 δόξαν
1023 3579 1095 3664 περὶ
1122 3569 1183 3640 άυ-

179 3678 241 3745 τῶν
262 3680 307 3761 ¹0)
328 3674 560 3768 άποδιὸοίημεν
580 3679 640 3760 τάς
661 3678 786 3759 άιτίας,
813 3673 870 3744 διά
891 3680 932 3758 ¹¹)
953 3673 1077 3756 παντὸς
1098 3679 1183 3743 66-
1270 3717 1273 3726 .

178 3775 293 3871 ράθην
314 3775 390 3869 ὑμῖν
411 3787 626 3874 παραστῆσαι
647 3784 692 3864 ¹²)
713 3783 772 3850 τοῦ
794 3777 905 3868 λόγου.

511 3953 858 3982 w·
