2754 4510
1069 327 1131 398 201

130 495 189 562 ted
208 503 321 560 eeu'eee
342 493 479 558 duorum
499 509 669 578 generum,
707 495 860 577 quaedam
881 494 963 558 enim
992 495 1062 562 fieri
1093 498 1133 562 ab

131 597 234 664 anima
254 597 408 680 quaedam
428 617 488 678 per
509 595 584 659 alias
606 598 818 681 eausas'quae
839 596 958 672 circum
972 621 1032 663 nos
1047 613 1133 664 sunt.

130 700 264 768 Animas
287 710 392 762 autem
414 710 543 784 agentes
565 719 602 762 ea
624 720 703 783 quae
730 712 845 785 agunt,
882 701 938 764 ubi
966 706 1137 768 seeundum

131 816 253 868 rectam
274 803 430 867 ratibnem
451 801 484 864 id
503 802 624 865 faciunt
635 847 652 889 ,Ι
684 824 702 866 a
730 825 763 866 se
792 824 887 889 agere
916 826 996 888 quae
1026 818 1137 892 agunt.

133 905 252 974 Cetera
274 927 356 970 vero
377 905 541 987 impeditas
569 905 602 968 id
623 927 718 991 agere
740 909 827 990 quod
854 929 944 970 suum
973 920 1042 985 est,
1080 931 1139 992 pa·

132 1011 221 1095 tique
253 1008 356 1095 magis
395 1030 489 1092 quam
525 1030 633 1094 agere.
697 1011 810 1094 Itaque
847 1022 882 1072 ut
920 1031 985 1074 non
1017 1012 1139 1093 sapiant

134 1115 209 1178 aliae
233 1135 305 1178 esse
328 1133 460 1188 causas,
497 1113 629 1175 ethaeo
654 1113 741 1178 forte
769 1126 857 1178 recte
889 1112 1034 1176 dicuntur
1056 1116 1138 1179 Fato

132 1239 231 1304 agere
253 1237 295 1280 ex
314 1235 427 1280 eorum
448 1214 619 1291 sententia,
644 1215 759 1300 quibus
774 1215 888 1280 Fatum
902 1229 1031 1299 putatur
1046 1239 1140 1281 eausa

133 1342 204 1385 ease
227 1331 370 1384 externa.
417 1318 546 1404 Optima
568 1339 648 1383 vero
670 1341 768 1406 agere
788 1342 848 1384 nos
871 1342 889 1383 a
917 1319 1009 1385 nobis
1042 1319 1138 1403 ipsis:

134 1445 209 1488 nam
228 1424 299 1488 talis
319 1422 439 1509 ingenii
460 1443 588 1500 sumus,
624 1445 696 1488 eum
724 1423 786 1488 soli
812 1443 932 1488 sumus.
977 1423 1021 1487 Et
1049 1423 1147 1488 viros·

135 1527 263 1612 quidem
284 1529 389 1592 honos
417 1548 478 1611 per
505 1548 539 1590 se
568 1540 655 1591 reete
684 1549 798 1613 agere:
836 1529 915 1592 alios
945 1539 1047 1591 autem
1075 1549 1140 1591 non

132 1631 217 1694 ultra
230 1642 319 1694 recte
340 1630 448 1694 faeere
470 1651 563 1716 quam
585 1633 657 1693 dum
682 1631 841 1714 respirare
871 1629 1034 1694 sinuntur:
1072 1651 1138 1696 non

133 1735 223 1818 quod
244 1733 301 1796 ubi
322 1735 464 1817 sapiunt,
501 1734 579 1797 illud
607 1755 721 1816 sapere
741 1736 877 1799 habeant
898 1732 1044 1810 aliunde,
1083 1723 1139 1796 s'ed

129 1838 224 1920 quod
243 1836 278 1902 in
299 1857 340 1902 eo
360 1857 424 1904 nen
446 1835 669 1922 enpediantur.
