2748 4514
982 279 1235 350 Ι85.

479 395 487 410 ⁸
566 451 718 516 XXVII.

217 556 274 620 Aa
302 556 384 618 haec
415 552 461 618 illi
487 554 542 638 qui
571 567 688 640 negant
719 555 851 621 virtutes
881 570 913 622 st
927 545 1016 623 ⁴vitia
1042 581 1138 643 posse

139 658 253 734 amitti,
276 657 367 723 forte
388 655 421 720 id
441 667 597 720 sumentes
620 659 706 741 quod
725 657 817 722 facile
839 671 887 724 est
908 661 1011 726 dicem
1025 707 1050 740 ,.
1065 663 1137 728 ideo
1205 645 1210 659 ⁸

85 771 92 780 '
137 763 241 826 firmam
264 759 363 824 animi
385 758 623 824 constitutiones
641 741 702 823 dici
715 761 748 824 in
761 774 870 826 nostra
885 783 953 828 esse
967 777 1135 848 potestate,

138 864 208 949 quia
228 863 262 927 iu
290 862 438 946 ipsorum
469 873 626 945 potestate
654 862 715 928 fuit
750 885 801 928 cas
834 865 962 950 adipisci
995 869 1046 930 vel
1074 890 1138 932 rou

138 965 278 1050 adipisci.
339 965 423 1047 Nam
455 965 509 1049 qui
537 964 668 1030 virtutes
701 967 865 1048 possident
904 991 974 1032 cum
1006 971 1139 1035 meliora

136 1092 217 1154 qrrac
238 1087 395 1152 spernere
416 1079 605 1149 potuerant,-
633 1070 856 1150 praeualeriut,
879 1069 941 1154 ipsi
962 1072 1022 1136 sibi
1044 1095 1139 1138 causa

134 1174 267 1238 fuerumt
289 1171 559 1256 adipiscendarum
580 1171 750 1249 uirtutum,
774 1173 907 1257 parique
932 1177 1028 1238 modo
1043 1174 1066 1239 ii
1084 1175 1139 1259 qui

138 1277 216 1340 vasa
237 1277 366 1339 ussus.
422 1276 491 1338 uec
518 1275 624 1358 aspar
644 1275 676 1338 u
705 1275 874 1340 sumemus
902 1277 1027 1360 raso„
1057 1279 1139 1341 uam
1198 1351 1201 1357 ,
1302 1259 1333 1302 ”

139 1379 292 1444 artificum
327 1378 462 1462 quisquc
496 1378 678 1464 priusquam
709 1390 809 1442 artem
844 1391 891 1442 est
930 1393 1136 1456 consecutus,

138 1480 315 1545 libertatem
335 1479 447 1544 habuit
466 1480 559 1543 ctiam
586 1501 625 1543 ne
653 1480 723 1544 talis
753 1484 913 1546 evaderet.
971 1485 1016 1546 At
1046 1494 1139 1565 post·

139 1605 233 1668 quiam
253 1583 327 1648 talis
348 1583 451 1647 factus
476 1594 544 1660 cst,
576 1604 640 1646 nou
662 1583 792 1666 amplius
814 1584 846 1648 iu
866 1598 1023 1680 potestate
1045 1589 1141 1649 habet

140 1709 179 1764 pe
199 1688 306 1750 iactus
329 1686 373 1750 sit
392 1685 474 1748 talis.
519 1687 601 1749 Nam
623 1698 712 1751 ortus
735 1707 840 1750 rerum
862 1689 970 1750 talium
984 1689 1016 1752 in
1030 1700 1141 1753 nostra

138 1789 284 1854 libertate
317 1800 392 1852 suut
418 1786 527 1870 positi.
581 1789 633 1850 Ac
653 1800 837 1870 propterea
862 1810 927 1853 nou
956 1789 1063 1853 similis
1093 1802 1141 1853 est
1249 1867 1252 1871 .

140 1892 255 1956 veritas
289 1894 329 1955 de
362 1894 457 1954 rebus
489 1889 603 1954 futuris
635 1901 667 1951 et
695 1893 733 1954 de
761 1892 855 1954 rebus
878 1913 958 1975 quae
978 1893 1068 1956 fuere
1090 1895 1142 1955 vel

138 2007 222 2060 suut.
267 1996 355 2058 Nam
375 1993 408 2057 id
429 1995 516 2076 quod
537 2005 590 2056 aut
611 2004 680 2068 cst,
705 2004 758 2055 aut
777 1993 859 2070 fuit,
882 2006 1004 2060 utnon
1025 1995 1066 2059 sit
1088 2009 1141 2058 aut

138 2121 204 2164 nou
229 2097 352 2173 fuerit,
391 2095 462 2158 fieri
487 2095 607 2179 nequit.
665 2096 711 2160 At
725 2095 778 2159 ,id
811 2099 897 2180 quod
927 2098 1068 2162 futurum
1095 2113 1144 2162 est

139 2213 249 2285 potest
270 2214 301 2264 et
322 2220 389 2264 uon
410 2191 500 2262 fieri.x
536 2198 643 2278 Quare
664 2210 828 2282 antequam
849 2199 901 2262 hie
921 2201 1019 2266 homo
1041 2201 1143 2266 virtu·
1184 2247 1216 2276 ,-

142 2316 209 2368 tem
229 2302 426 2385 possideret,
463 2322 575 2364 rerum
602 2313 670 2364 erat
701 2301 772 2364 fieri
799 2323 896 2383 posse
924 2315 959 2365 ut
981 2308 1050 2367 'non
1071 2303 1142 2366 talis

141 2408 306 2472 evaderet.
360 2405 457 2485 Quod
488 2415 590 2466 autem
621 2403 657 2465 fit
689 2405 773 2479 tale,
813 2406 851 2466 de
880 2425 919 2468 eo
934 2403 939 2410 ’
952 2405 1044 2468 etiam
1073 2426 1144 2468 cum

142 2521 308 2594 peractum
329 2518 400 2582 est,
424 2527 536 2569 vertum
557 2526 682 2587 semper
703 2517 750 2568 est
771 2507 833 2568 tale
853 2506 962 2569 fuisse.
1008 2507 1042 2570 Si
1063 2527 1143 2606 ergq

143 2613 199 2696 qui
218 2613 345 2694 probus
366 2621 435 2685 est,
467 2611 506 2671 ab
529 2621 603 2673 ortu
623 2607 693 2670 talis
716 2618 819 2683 esset,
854 2618 885 2669 et
905 2630 970 2671 uon
990 2611 1070 2672 haec
1091 2631 1144 2673 su-

145 2735 206 2800 per
227 2735 309 2800 quae
332 2725 445 2776 natura
465 2710 527 2794 ipsi
548 2713 697 2786 dederat,
722 2712 854 2774 haberet
876 2711 1025 2792 amplius,
1049 2713 1105 2774 sed
1126 2735 1145 2774 a

145 2829 256 2882 raama
281 2828 318 2880 ut
349 2814 411 2878 alia
433 2813 476 2876 ita
496 2826 532 2876 ut
552 2816 616 2876 hoc
648 2812 841 2893 accepisset,
876 2833 940 2876 uon
972 2813 1082 2878 suisset
1113 2813 1145 2878 in

144 2931 309 3004 potestate
332 2917 398 2982 cius
421 2937 490 2980 esse
510 2916 620 2990 talem,
644 2936 708 2979 uon
731 2915 830 2999 magis
852 2935 945 2998 quam
966 2937 1034 2980 esse
1055 2917 1146 2999 bipe-

145 3027 217 3088 dem
239 3034 296 3087 aut
317 3020 449 3085 rationis
470 3018 667 3102 participem.
700 3017 813 3100 Neque
828 3040 908 3084 vero
921 3019 1041 3082 laudari
1057 3023 1099 3081 ob
1113 3018 1145 3081 id

96 3194 99 3202 ,
147 3137 257 3210 posset
280 3126 371 3208 quod
390 3122 460 3186 talis
477 3132 570 3197 esset,
594 3123 650 3184 sed
663 3118 769 3201 potius
781 3133 862 3184 osset
881 3119 1087 3197 admirationi,
1111 3133 1146 3184 ut

151 3229 238 3312 quia
255 3226 362 3292 divina
382 3238 495 3290 natura
512 3227 639 3288 domum
657 3223 718 3286 tale
737 3235 819 3288 esset
838 3234 1037 3288 consecutus.
1060 3223 1148 3286 Sicut

148 3333 231 3396 enim
241 3327 493 3396 benevalentium
502 3327 736 3402 coslaudamus,
750 3326 885 3410 quicum
897 3347 914 3389 a
925 3335 1034 3387 natura
1046 3339 1148 3389 esseut

148 3433 348 3508 imbecilles,
390 3443 500 3512 suapte
522 3451 598 3494 cura
618 3441 653 3492 ut
673 3441 760 3492 recte
782 3429 922 3493 valerent
943 3440 1015 3492 sunt
1036 3449 1148 3492 conse-

147 3539 229 3614 cuti,
267 3536 361 3620 eique
383 3537 515 3596 debcant
535 3535 622 3616 quod
642 3553 705 3594 nou
728 3542 905 3615 aegrotant.
949 3531 994 3594 At
1016 3551 1072 3594 cos
1095 3531 1149 3615 qui

147 3653 262 3706 natura
295 3648 369 3704 sunt
400 3635 467 3700 sani
494 3646 524 3698 et
551 3636 705 3699 malorum
731 3645 877 3715 expertes
899 3633 965 3697 sinc
995 3655 1053 3697 sua
1074 3619 1149 3698 cura

149 3757 245 3830 atque
268 3761 390 3824 opera,
415 3724 658 3802 conlaudamus
681 3736 823 3820 quidem,
848 3739 905 3800 sed
924 3739 1035 3801 beatos
1056 3757 1150 3819 prac-

151 3849 310 3920 dicamus,
349 3853 385 3904 ut
416 3840 468 3924 qui
499 3840 564 3904 sine
596 3842 708 3908 labore
742 3839 773 3904 id
809 3839 869 3904 sint
902 3839 1027 3921 adepti,
1066 3839 1151 3921 quod

151 3950 244 4016 etiam
267 3966 342 4011 cum
364 3943 474 4008 labore
498 3943 547 4008 alii
569 3943 627 4010 sibi
648 3953 772 4030 partum
799 3941 911 4008 velint·
951 3943 1038 4006 Idem
1067 3950 1150 4004 certe
