2718 4506
1046 299 1107 363 2⁹⁹

110 469 165 552 1⁰)
193 462 351 547 ἆυτοιλς
370 491 412 536 τι
432 461 682 556 deneradas]
721 463 798 528 Ald-
822 465 854 528 λ.
877 461 997 547 ἀντοίις
1018 471 1108 538 daal.

195 575 323 662 ρεσθαι
345 569 471 636 vitiose.

403 723 406 730 ’
510 752 598 795 σιν.
627 753 713 794 ιιιιι.

133 895 168 976 λ)
195 891 546 986 παραθεμένους]
589 889 643 954 Sie
674 887 760 955 cod.
793 892 902 955 Havn.
925 895 1107 961 rectissime.

159 1019 164 1026 ·
197 997 280 1060 Nam
299 993 382 1059 inira
402 995 552 1057 hahemus
567 995 680 1057 eodem
695 991 809 1077 Capite
823 999 1112 1084 παρατιθεμένους

163 1147 167 1156 .
198 1095 238 1165 τὸ
258 1092 411 1184 βούλημα
432 1092 548 1164 ἀυτῶν.
590 1097 675 1160 Edd.
698 1101 934 1187 προθεμένους.
978 1101 1050 1181 (0.)

136 1203 172 1282 2)
199 1201 282 1289 ἔχει
301 1199 418 1286 βίον]
448 1199 501 1264 Sin
521 1201 629 1264 Havn.
652 1201 736 1262 Edd.
759 1199 827 1287 έγοι
846 1202 940 1286 βίαν,

135 1305 171 1385 3)
198 1303 527 1390 συνδεδεμένων]
550 1303 725 1366 SieHavn.
740 1301 772 1365 in
794 1325 897 1389 marg.
920 1305 1015 1369 Mon.
1032 1308 1110 1371 Ald.

200 1408 233 1471 2.
260 1405 366 1472 Casel.
390 1419 421 1470 et
441 1409 551 1471 Lond.
573 1408 791 1491 συνδεομένων
812 1406 890 1469 Ald.
915 1409 947 1472 1.

136 1511 171 1592 λ)
200 1510 240 1592 ἐξ
266 1505 400 1577 ἀυτῶν
432 1508 765 1590 ἐπακολουθεῖν]
801 1509 935 1574 Aldinae
956 1511 989 1592 έξ
1007 1507 1116 1582 ἀυτῶν

201 1607 413 1680 ἀκολουθεῖν.

137 1718 172 1798 5)
194 1713 241 1781 τὸ
263 1711 464 1790 ἀναιτίως
484 1715 536 1804 τῷ
557 1714 757 1799 γίνεσθαί
777 1738 819 1780 τι
839 1717 880 1780 ἐκ
900 1714 951 1800 μῆ
974 1714 1116 1799 ὄντος]

203 1817 314 1882 Havn.
341 1813 380 1883 τὸ
409 1811 564 1893 ἀναιτίως
594 1815 749 1902 γίνεσθαί
776 1841 817 1884 τι.
860 1819 960 1883 Male.
1004 1821 1058 1887 Ad
1078 1822 1117 1889 τὸ

205 1914 360 1998 ἆναιτίως
380 1919 450 1984 scil.
473 1919 630 2004 γίνεσθαί
649 1942 684 1985 τι
703 1940 796 1984 sensu
823 1922 1048 2004 supplendum,
1082 1937 1118 1988 ut

203 2025 328 2110 integra
355 2023 550 2089 constructio
578 2021 619 2087 sit
649 2017 765 2110 ὁμσῖόν
792 2047 826 2089 τι
857 2026 941 2091 έῐναι
967 2032 1054 2118 φασὶ
1080 2026 1120 2095 τὸ

204 2121 359 2204 ἀναιτίως
384 2124 542 2211 γίνεσθαί
568 2127 675 2216 τιτῷ
700 2126 856 2212 γίνεσθαί
883 2151 915 2194 τι
943 2129 978 2194 lu
997 2126 1043 2217 μῆ
1066 2127 1121 2200 ὄν.

116 2303 122 2312 .
207 2255 274 2308 τος.
317 2229 391 2309 (0.)

142 2337 177 2416 6)
206 2333 362 2421 σμῆνος
381 2325 459 2418 γέιρ
479 2326 631 2398 οἰιτίων
650 2334 959 2418 καταλέγουσι]
974 2338 1123 2403 Haeeest

205 2435 357 2520 palmaria
378 2433 552 2499 emendatio
567 2432 684 2499 Caselii
697 2435 840 2500 lectionis
854 2437 887 2500 in
903 2436 988 2502 Cod.
1008 2442 1116 2505 ann.

206 2550 239 2603 et
253 2538 377 2603 Aldinis
392 2536 658 2619 corruptissime,
684 2534 788 2625 μηνὸς
807 2535 871 2627 γὰρ
893 2535 999 2608 ἆίιιον
1019 2567 1123 2610 κατα·

207 2643 355 2727 λέγουσι,
387 2659 480 2724 quam
501 2640 674 2725 Bagolinus
696 2641 728 2705 in
750 2641 896 2706 versione
916 2663 972 2705 sua
993 2643 1121 2729 ineptis-

119 2797 125 2806 .
209 2744 286 2810 sime
306 2743 350 2808 ita
370 2742 527 2808 reddidit:
560 2745 633 2808 irae
651 2762 733 2806 nom
752 2737 880 2806 'consae
905 2761 1122 2830 enumerant,

212 2845 367 2928 accipiens
389 2842 492 2932 μηνὸς
511 2864 573 2926 pro
589 2842 740 2907 Genitivo
761 2863 796 2904 v.
818 2843 923 2928 μῆνις,
946 2847 1000 2930 qni
1021 2861 1123 2914 autern

60 2939 65 2948 ⁸
122 3003 126 3014 .
212 2950 384 3012 declinatur
405 2942 522 3032 μήνιος
542 2947 595 3010 vel
616 2940 773 3034 μῆνιδος.’
803 2945 919 3010 Editor
940 2948 1122 3016 Londinen.

210 3053 254 3116 sis
268 3050 410 3116 correxit
423 3054 525 3136 μηδὲν
545 3044 694 3116 ἀναίτιον
706 3049 943 3134 ιιαταλέγουσις
964 3059 1125 3136 quomodo

121 3191 125 3198 ·
212 3155 329 3240 legisse
351 3153 476 3218 videtur
496 3152 590 3216 etiam
615 3149 748 3216 Grotius
773 3163 900 3214 vertens
914 3155 1125 3234 explicantes

215 3257 325 3320 alud.-
350 3253 448 3320 ΝἰλιιἸ
464 3256 533 3320 sine
554 3254 736 3334 consesti,
755 3265 787 3316 et
808 3253 1054 3332 Schulthessins,
1079 3264 1126 3325 sie

218 3355 369 3420 emtores
390 3354 444 3419 die
465 3353 715 3419 verschiedenen
742 3351 841 3419 Arlen
867 3354 926 3418 der
943 3354 1127 3423 Πτιαολιιιι.

218 3453 281 3518 Sed
302 3457 491 3538 καταλέγειν
512 3473 576 3516 non
597 3465 646 3515 est
659 3455 836 3536 explicare
851 3455 907 3517 sed
920 3475 1126 3534 enumerare,

217 3575 404 3622 rennueret
428 3567 460 3620 et
482 3554 610 3620 omnino
625 3555 721 3640 longe
734 3555 939 3638 praeferenda
954 3561 1127 3626 emendatio

213 3657 333 3726 Caselii
355 3658 477 3745 σμῆνος
503 3653 567 3748 γὰρ
596 3652 709 3726 ἆιτίων
737 3661 954 3746 καταλέγουσι
984 3663 1130 3744 proxime

218 3762 368 3824 accedens
384 3761 599 3825 adlectionem
616 3760 721 3826 Codd.
747 3761 885 3847 Σμῆνος
897 3783 1011 3848 propr.
1024 3786 1130 3848 opum

217 3866 434 3944 exomendo
446 3862 746 3945 Bieneruoirworm3
767 3863 1130 3952 hirenen-metaphoram
