2748 4514
1090 337 1130 397 83

122 505 163 566 ob
184 503 218 566 id
239 501 409 565 interitura
431 501 471 562 sit
493 501 607 563 Mundi
629 501 782 576 beatitas,
824 515 858 566 ut
886 524 943 566 nee
966 507 1077 568 domtus
1101 517 1131 566 et

122 603 219 686 patris
241 603 380 668 familias
403 606 445 666 ob
468 623 633 666 servorum
656 603 890 688 negligentiam.

563 791 698 855 XXVI.

185 915 287 996 Quod
311 934 392 977 vere
417 911 559 975 dttbitant
585 911 624 974 an
650 911 721 975 talis
748 914 788 976 sit
815 911 847 978 in
871 917 963 979 nobis
982 918 1134 996 libertas,
1190 964 1193 970 .

122 1018 243 1101 qualem
271 1016 341 1081 fert
361 1015 530 1084 bominum
556 1015 730 1077 eommunis
757 1027 788 1078 et
814 1016 981 1100 anticipata
1003 1020 1133 1102 opinio,

121 1141 156 1184 ea
184 1118 345 1182 dubitatio
375 1137 440 1180 non
473 1116 539 1181 sine
573 1115 659 1179 omni
686 1129 733 1179 est
762 1118 898 1182 ratione.
954 1121 1018 1196 Sed
1048 1125 1135 1204 quod

117 1223 184 1286 istis
206 1219 361 1284 dubitatis
389 1231 539 1302 tanquam
569 1218 631 1281 iam
658 1220 752 1302 plane
782 1220 814 1282 in
842 1222 991 1292 eonfesso
1020 1225 1134 1305 positis

119 1347 159 1390 eo
180 1325 429 1406 provebuntur,
453 1333 488 1384 nt
504 1323 617 1385 tollant
636 1343 672 1384 ea
691 1343 753 1406 qua
771 1335 845 1400 sunt
870 1326 1132 1404 manifestissima,

119 1430 263 1490 umbram
291 1446 374 1489 vero
405 1437 436 1488 et
465 1425 573 1486 ludum
596 1424 712 1488 faciant
737 1447 790 1489 res
820 1447 928 1490 omnes
959 1431 1136 1508 humanas,

120 1541 287 1594 eteorum
310 1527 518 1592 haecomnia
550 1538 694 1612 pugnent
718 1526 781 1610 p'ro
806 1529 868 1592 illis
899 1531 1019 1609 dubiis,
1052 1555 1138 1616 quo.

118 1635 214 1696 modo
236 1651 305 1694 non
331 1629 492 1692 aratione
515 1629 554 1691 sit
574 1629 759 1692 remotum?
791 1633 866 1694 Non
888 1633 998 1720 enim,
1015 1633 1042 1697 si
1064 1636 1135 1718 quis

119 1735 246 1798 solvere
269 1754 336 1796 non
360 1743 467 1814 potest
489 1732 628 1794 Zenonis
649 1745 855 1816 argumente,
874 1735 994 1816 quibus
1017 1738 1135 1808 mutio.

119 1859 188 1900 nem
223 1846 414 1919 oppugnat,
453 1833 526 1896 ideo
556 1837 699 1916 neganda
741 1846 788 1896 est
820 1836 886 1899 ulla
918 1857 987 1898 esse
1020 1838 1133 1903 motio.
1228 1823 1230 1827 ¹

118 1940 269 2003 validior
292 1938 374 2001 euim
393 1938 432 1998 ad
465 1956 626 1998 assensum
661 1937 892 2017 impetrandum
929 1959 1034 2003 rerum
1067 1941 1136 2004 evi-

119 2043 246 2118 dentia,
272 2061 369 2125 quam
392 2039 512 2136 onmis,
545 2028 625 2121 quae
645 2050 757 2102 contra
780 2041 935 2116 affertur,
961 2045 1135 2108 verborum
1219 2069 1220 2076 ¹

120 2147 283 2209 illecebra.
338 2168 342 2174 ·
606 2203 608 2208 .

184 2250 231 2311 At
255 2269 337 2311 vero
361 2265 421 2310 nee
442 2237 498 2308 abs
519 2266 556 2308 re
578 2245 638 2308 erit
664 2244 893 2310 dubitationum
916 2271 987 2325 eas,
1022 2251 1136 2334 quibus
1178 2293 1182 2300 ·
1222 2274 1227 2278 ·

118 2350 167 2414 illi
191 2352 325 2414 maxime
351 2350 471 2426 fidunt,
510 2349 543 2411 in
572 2370 680 2410 manns
712 2369 856 2426 sumere,
896 2364 928 2414 et
950 2355 1025 2435 quid
1042 2355 1073 2416 in
1101 2375 1134 2416 so

120 2457 259 2518 babeant
278 2455 473 2534 expendere.
517 2451 669 2514 Fortasse
693 2453 773 2514 enim
792 2454 985 2534 reperiemus
1009 2455 1136 2518 ubilin

119 2559 175 2634 iis,
199 2578 281 2640 quae
303 2557 482 2631 obiectant,
508 2575 577 2616 esse
601 2553 718 2638 magni.
764 2554 809 2629 Si,
840 2555 942 2618 aiunt:
966 2559 999 2619 id
1021 2559 1054 2619 in
1074 2573 1134 2620 no·

119 2673 186 2723 stra
208 2672 255 2723 est
270 2650 457 2742 potestate,
489 2657 576 2718 euius
600 2668 631 2718 et
649 2655 811 2719 contraria
833 2663 930 2740 agere
951 2678 1132 2740 possumus,

117 2775 149 2826 et
169 2763 257 2826 eirea
278 2785 331 2826 res
354 2761 434 2822 tales
462 2771 628 2822 versantur
649 2758 844 2821 laudationes
868 2771 899 2821 et
925 2760 1134 2844 vituperatio-

119 2887 197 2942 nes,
235 2868 440 2929 hortamenta
470 2873 502 2923 et
535 2861 793 2935 dehortationes,
828 2879 952 2942 poenae
985 2875 1016 2927 et
1041 2887 1137 2948 prae-

119 2970 201 3046 mia,
238 2990 306 3032 non
339 2965 402 3028 erit
434 2964 465 3027 in
492 2975 651 3044 potestate
677 2962 839 3026 hominnm
859 2967 1038 3046 proborum
1067 2989 1136 3031 esse

118 3075 241 3154 probos
269 3083 303 3133 et
326 3068 461 3132 uirtutes
481 3067 512 3128 in
535 3087 569 3128 se
589 3067 728 3128 habere:
760 3066 831 3148 qnia
850 3065 969 3131 scilieet
993 3070 1135 3150 recipere

123 3175 156 3238 iu
187 3196 221 3238 se
251 3193 320 3236 non
355 3181 490 3252 possunt
516 3168 613 3242 vitia,
660 3189 741 3251 quae
766 3169 833 3232 istis
862 3171 1031 3234 virtutibus
1063 3183 1135 3236 sunt

121 3278 292 3340 corbaria.
362 3273 415 3336 Sio
446 3291 548 3354 neque
580 3270 655 3333 vitia
684 3271 718 3334 in
751 3268 938 3336 vitiosorum
973 3270 1135 3336 hominum

120 3391 213 3446 erunt
239 3388 423 3462 potestate,
456 3395 560 3457 neque
584 3374 719 3436 enimin
742 3393 854 3438 eorum
879 3384 1037 3454 potestate
1066 3388 1132 3452 est,

120 3495 153 3546 ut
168 3483 243 3546 mali
265 3503 334 3544 nou
361 3478 435 3540 sint.
488 3477 589 3559 Atqui
607 3479 760 3540 absonum
783 3477 823 3540 sit
850 3475 953 3539 dieere
979 3497 1042 3540 non
1067 3499 1134 3542 esse

120 3586 152 3650 in
176 3597 290 3650 nostra
312 3591 472 3666 potestate
497 3579 627 3642 virtutes
651 3589 683 3641 et
713 3579 800 3641 vitia.
846 3580 920 3641 Non
950 3578 1050 3663 igitur
1073 3583 1135 3646 tale
1242 3635 1248 3652 t

123 3702 169 3752 est
199 3691 296 3774 quale
326 3683 467 3748 ereditur
496 3682 528 3746 id
557 3685 643 3765 quod
676 3681 706 3744 in
736 3693 892 3762 potestate
924 3693 1032 3744 nostra
1066 3701 1134 3746 esse

124 3791 251 3856 dieitur.
