2718 4506
1050 311 1111 378 203

173 446 399 560 ,imperativus
421 483 469 538 est
492 492 555 556 pro
584 470 898 566 συγχυρησάτιισιιυ.
955 477 1018 544 son
1044 489 1110 544 tum

181 577 227 640 'in
254 577 512 647 ancededentibds
541 599 602 660 pro
635 574 820 648 ἐπαύσαντο
852 580 1019 666 legendum
1051 581 1111 647 erit

117 743 121 752 ,
195 675 462 747 παυσάσθωσαν.
506 680 579 762 (Ο.)

131 819 167 902 2)
196 821 261 886 ἐπὶ
281 819 554 909 περιεστῶσιν
575 815 799 910 ἀνθρώπω
820 821 984 889 δίκαιον
1000 824 1112 908 γίνε-

197 926 305 990 σθαι
326 921 649 1008 πεπιστευμένοι
672 919 824 1011 ὁμοίως
839 921 1114 1004 ἰδιώταιςιιαὶ

194 1023 482 1113 νομοθέταις]
505 1025 558 1088 Sic
579 1027 629 1090 ed.
645 1027 753 1091 Lond.
777 1029 816 1091 ad
837 1048 930 1111 quarn
951 1029 1113 1094 emendavi

197 1129 375 1193 versionem
399 1127 517 1218 Grotii.
561 1128 638 1192 ·Sed
667 1129 756 1194 locus
786 1130 911 1195 videtur
943 1133 1112 1195 admodum

200 1233 353 1296 obscurus
377 1244 407 1295 et
429 1231 508 1295 male
530 1231 702 1298 cohaerens
735 1254 822 1302 cnm,
837 1235 1110 1315 praecedentibus.

197 1333 332 1399 Aldinae
353 1333 463 1420 legunt
483 1335 534 1401 ἐπὶ
555 1331 765 1425 περιεστῶσιν
786 1331 968 1425 ἄνθρωπος
987 1338 1115 1424 δίκαιος

199 1441 469 1524 πεπιστευμένος,
502 1461 564 1522 qua
586 1460 665 1502 vero
687 1437 824 1519 lectione
844 1439 919 1504 nihil
940 1439 1113 1504 lucramur.

198 1541 269 1606 Nec
288 1541 453 1604 versiones
474 1541 682 1624 interpretum
702 1539 847 1626 intelligo
877 1543 954 1625 quid
973 1533 1034 1638 sibi
1056 1565 1113 1606 ve·

199 1642 268 1713 lint.
312 1637 485 1728 Bag'olinus
507 1657 608 1708 totum
629 1643 734 1709 locum
756 1648 795 1706 ab
817 1643 906 1708 initio
937 1645 1046 1728 capitis
1071 1645 1116 1717 ita

200 1745 322 1810 reddit:
338 1745 407 1809 Sed
417 1748 575 1809 omittant
585 1767 774 1809 sermonum
786 1745 1017 1824 ambitionem,
1032 1767 1117 1810 con-

210 1847 396 1930 cedantque
419 1844 457 1908 id
481 1843 629 1930 quadiu
654 1845 748 1908 nobis
770 1845 923 1907 solutum
944 1867 1011 1909 esse
1032 1846 1118 1910 libe-

205 1966 350 2029 ramque
375 1944 573 2022 arbitrium,
618 1952 649 2007 et
679 1952 858 2006 auctorem
886 1946 920 2004 in
953 1944 1119 2026 eligendis

208 2046 440 2127 oppositisque
463 2043 603 2126 agendis
622 2046 655 2104 in
673 2044 723 2104 tris
743 2063 832 2126 quae
849 2042 1040 2134 hominibus
1061 2063 1119 2106 oc-

208 2153 351 2206 currunt
374 2144 493 2205 merito
513 2143 638 2226 versari
657 2139 844 2217 creditum,
865 2149 937 2203 tam
955 2162 979 2204 a
999 2141 1119 2224 vulga·

205 2241 316 2320 ribus,
350 2261 456 2326 quam
482 2260 506 2302 a
528 2239 805 2322 legislatoribus,
839 2241 946 2326 legens
968 2241 1035 2305 sine
1060 2243 1118 2305 du·
1190 2253 1196 2260 '

142 2339 146 2348 ’
200 2342 256 2406 bio
278 2336 473 2432 ἀνθρώποις
499 2381 515 2394 -
542 2381 558 2392 -
586 2379 603 2390 -
623 2344 889 2428 πεπιστευμένον,
928 2345 984 2407 sed
1004 2343 1144 2406 nullam*

202 2465 338 2527 prorsus
365 2442 519 2505 rationem
546 2441 666 2503 habens
696 2445 870 2508 verborum
892 2443 1013 2512 δίκαιοι
1036 2446 1121 2530 γίνε-

203 2550 306 2614 σθαι.
349 2545 481 2608 Grotius
502 2543 667 2607 lectionem
683 2545 829 2607 Aldinam
851 2567 987 2630 sequens
1003 2547 1118 2610 vertit:

206 2651 325 2732 positis
340 2647 457 2710 iisdem
471 2649 735 2710 circumstantiis
754 2649 884 2731 aliquis
902 2651 966 2733 qui
986 2649 1122 2733 quidem

209 2747 316 2811 credit
338 2767 371 2810 se
390 2749 475 2808 iuste
495 2745 576 2828 agi,
599 2753 671 2808 tam
685 2767 708 2809 a
721 2748 882 2827 privatis,
904 2769 1011 2833 quam
1030 2768 1054 2810 a
1078 2750 1123 2814 le=

208 2867 295 2930 gam
318 2843 502 2908 tatoribus:
543 2865 623 2927 quae
646 2844 723 2928 quid
744 2843 804 2912 sibi
825 2845 924 2910 velint
944 2831 1036 2930 plane
1058 2869 1125 2917 uon

206 2945 361 3029 intelligo.
412 2945 528 3009 Editor
557 2947 769 3011 Londinensis
808 2953 1006 3036 quicunque
1038 2957 1071 3014 et
1102 2968 1127 3012 a

209 3049 351 3128 privatis
378 3057 411 3111 et
437 3067 460 3108 a
481 3049 600 3128 legum
636 3048 804 3113 latoribus
840 3049 963 3113 crediti
989 3047 1128 3126 fuerint

209 3167 254 3210 es·
275 3147 541 3208 circumstantiis
561 3151 613 3213 rei
630 3158 748 3230 gestae
770 3147 957 3222 iustifieri.
999 3143 1128 3208 Schult-

207 3243 329 3308 hessius
353 3246 494 3307 tandem:
534 3265 625 3310 wenn
655 3248 753 3311 ilrnen
779 3245 952 3310 durchaus
986 3245 1058 3310 und
1080 3248 1129 3310 im

117 3343 121 3350 “
209 3345 417 3410 Privatteben
430 3347 600 3430 geglaulrt
613 3344 739 3421 atinde,
761 3341 813 3408 die
828 3325 1011 3429 Mens'elren
1028 3364 1130 3426 seyen

212 3447 246 3530 in
266 3446 471 3514 allenitrren
484 3444 722 3524 Handtungen
743 3441 850 3504 durch
872 3441 926 3506 dte
947 3439 1129 3508 Umstttnde

213 3545 322 3626 vattig
343 3544 613 3626 gereclrtfertigt.
657 3541 720 3608 Sed
750 3561 815 3603 nnn
847 3539 941 3606 video
964 3543 1129 3626 quomon

209 3641 288 3707 haec
309 3643 498 3732 cohaereant
521 3663 591 3706 curn
613 3643 885 3725 praecedentibus.
931 3643 1016 3706 Mihi
1038 3643 1128 3708 vide·

209 3759 263 3810 tm·
283 3757 433 3827 punctum
447 3747 628 3830 ponendum
643 3757 718 3828 post
732 3739 898 3836 πράξεως,
920 3756 951 3808 et
965 3747 1128 3832 sequentia

209 3850 253 3916 tu
271 3849 418 3951 Ιεςερᾶτ.
458 3842 531 3916 ’ant
551 3843 615 3940 γὰρ
637 3841 857 3936 περιεστώτων
878 3843 1057 3938 ἄνθρωποι
1079 3848 1128 3916 δι’·

362 3962 369 3995 t
