2718 4506
1028 282 1088 348 319

173 458 314 542 Νέμεσιν
336 443 370 520 δὲ
393 449 458 520 άπὸ
481 456 537 535 τῆς
560 441 685 545 latinam
709 441 1091 544 διανεμήσεως,’Ἀδρά-

172 583 284 627 στειαν
305 561 340 626 δὲ
363 553 615 644 άναπόδραστον
631 553 747 622 -άιτὶαν
762 551 864 622 ὀῦσαν
880 552 965 622 κατά
979 550 1091 648 φύσιν,

169 657 288 729 Ἀἰσαν
310 663 344 728 δὲ
366 655 417 727 ciel
439 655 542 728 ὂῦσαν
564 672 625 722 etc.
670 659 746 738 (0.)

108 765 143 844 3)
173 759 269 830 οὐδέ
300 765 388 829 ε’στι
417 757 685 852 πεπρωμένη]
729 760 862 825 Aldinae
884 757 943 828 οὐκ
964 759 1034 826 ἔστι
1055 762 1092 826 δὲ

173 868 374 957 πεπρωμένη.
416 867 500 928 Num
523 859 582 930 ὀάκ
604 865 673 930 ε’στι
693 869 753 950 μὲν
774 866 984 955 πεπρωμένη,
1005 863 1093 926 σείει

173 966 451 1032 antecedentibus?
481 967 554 1047 (Ο.)

110 1075 144 1154 d)
173 1068 247 1139 οὐκ
269 1071 356 1137 ἔστι
377 1078 450 1156 μὲν
471 1066 660 1158 νέμεσις]
682 1068 851 1135 ItaCascl.
870 1064 946 1136 οὐδὲ
966 1073 1093 1158 νέμεσις

103 1195 110 1202 ·
174 1177 284 1239 Lond.

111 1281 144 1359 5)
173 1271 496 1366 ἐπανόρθωσις]
529 1277 637 1341 Lond.
660 1271 901 1367 άπανὸρθωσις
923 1297 1091 1360 operarum

177 1380 270 1444 vitio.
293 1377 444 1444 Ceterum
458 1381 496 1442 de
511 1381 575 1444 hoc
590 1379 748 1444 vocabulo
763 1391 794 1442 ct
809 1379 950 1443 affinibus
972 1375 1093 1470 κατόρ-

173 1483 301 1570 θωμα,
321 1478 553 1570 κατόρθωσις,
576 1479 763 1569 διόρθωσις
784 1483 964 1546 doctissime
986 1483 1093 1566 dispu-

174 1587 360 1654 tatlLobek
382 1585 422 1646 ad
443 1585 619 1665 Phrynich.
641 1607 676 1666 p.
700 1587 773 1649 250.
797 1607 888 1669 seqq.
912 1587 985 1666 (Ο.)
1007 1588 1093 1650 Mox

175 1690 248 1772 lege
270 1683 330 1753 οὐκ
351 1686 420 1752 ἔστι
443 1689 478 1751 δὲ
499 1690 600 1776 γέρως
621 1682 761 1766 άξὶωσις.
797 1691 910 1769 (Casp.
933 1689 1052 1768 Orell.)

113 1795 148 1872 6)
178 1784 419 1883 ἀφῄρηται]
442 1789 547 1854 Havn.
570 1799 602 1851 et
620 1787 726 1854 Casel.
749 1786 932 1880 ἀπείρηται.
954 1790 1094 1857 Vitiose.

482 2027 567 2069 CAP·
591 2027 707 2068 xxxvl.

118 2226 151 2304 l)
179 2216 388 2302 δοξάντων
419 2217 560 2300 άιτία]
604 2222 737 2284 Aldinae
759 2223 904 2306 (quaein
926 2226 1095 2306 postremis

180 2325 271 2388 huius
293 2325 367 2388 libri
401 2325 553 2408 capitibus
582 2325 674 2410 plane
708 2325 902 2410 conspirant)
935 2323 1098 2409 δοξάντων

182 2423 270 2495 τινά.
301 2429 427 2493 vitiose.

118 2534 153 2613 2)
182 2527 445 2610 άιτιᾶσθαι]
479 2532 529 2597 Ita
551 2533 659 2596 Havn.
682 2543 713 2596 et
736 2531 844 2599 Casel.
883 2531 992 2598 Ceteri
1013 2528 1098 2602 άιτι·

181 2637 309 2704 εἴσθαι.
352 2636 453 2700 Male.

122 2739 155 2817 3)
182 2731 233 2814 ὥς
264 2737 484 2828 περίττην]
524 2740 633 2804 Havn.
655 2754 686 2806 et
708 2742 840 2806 Aldinae
862 2736 906 2819 ὡς
926 2736 1100 2832 ἀπέριττον

184 2842 272 2924 quod
293 2841 389 2904 menti
410 2843 547 2906 auctoris
576 2846 669 2928 plane
697 2845 888 2908 contrarium
917 2855 975 2907 est.
1024 2844 1099 2925 (0.)

184 2941 304 3006 Verius
325 2944 450 3008 videtur
472 2941 671 3035 ἀπέραντον,
693 2952 778 3014 nini!
797 2968 934 3031 prorsus
958 2947 1099 3012 conclu·

183 3043 323 3111 danem.
364 3047 477 3132 (Casp.
498 3049 617 3127 Orcll.)

124 3145 158 3225 4)
188 3139 373 3224 άιτὶαις]
397 3144 503 3210 Casel.
527 3144 646 3227 άιτίοις
667 3151 774 3213 Ham.
798 3144 920 3216 άιτίων.

124 3247 159 3327 5)
187 3243 259 3314 διά
279 3249 353 3314 τοῦ
374 3246 442 3330 τὸ]
477 3251 586 3316 Havn.
609 3248 666 3319 διά
686 3253 795 3338 τοῦτο.

124 3349 160 3428 6)
188 3347 346 3430 καὶτὸ]
376 3353 425 3416 Ita
447 3355 554 3420 Havn.
577 3357 661 3420 Edd.
685 3353 723 3422 τὸ
745 3361 809 3422 καὶ.

125 3453 160 3532 7)
188 3447 412 3544 παράξειν]
442 3457 495 3520 Sic
517 3458 633 3542 optime
655 3460 763 3522 Havn.
786 3457 919 3522 Aldinae
942 3467 973 3518 et
995 3453 1103 3522 Cascl.

190 3577 209 3619 a
229 3551 390 3648 παράγειν
411 3557 587 3642 decipere,
607 3561 774 3626 abducere
794 3581 817 3623 α
840 3580 934 3640 vcro,
954 3561 1041 3642 qnod
1053 3557 1103 3622 sa·

191 3659 313 3724 ciebant
335 3659 508 3745 sophistae.
551 3661 660 3724 Lond.
689 3654 848 3748 ταράξειν.
891 3658 964 3740 (Ο.)

123 3763 163 3842 8)
193 3769 262 3829 καὶ
283 3761 352 3830 διά
375 3765 449 3831 τοῦ
456 3763 470 3844 ]
504 3766 570 3828 Aut
592 3765 720 3827 delenda
743 3764 822 3826 hace
840 3765 959 3839 verba,
986 3774 1037 3826 aut
1058 3761 1104 3824 le·

191 3868 326 3948 gendum
342 3863 397 3935 διά
412 3870 519 3936 τοῦτο.
562 3868 631 3932 Nos
651 3879 799 3950 tanquam
820 3876 964 3949 suspecta
987 3862 1105 3930 uncinis
