2748 4514
1080 345 1120 408 05

563 503 662 566 XIX.

164 602 379 666 Abstinerent
400 625 479 668 uero
501 608 542 668 ab
561 607 730 672 ambitioso
756 610 925 676 certamine
947 623 981 674 et
1001 631 1118 698 conce7

99 709 211 770 der-em
241 727 313 770 esse
342 707 374 770 in
403 708 496 792 nobis
518 708 635 791 aliquid
665 711 800 780 liberum
832 725 865 780 et
893 714 1050 790 solutum,
1085 727 1118 780 et

99 809 149 872 ius
180 811 303 872 habens
331 810 567 876 contrariorum
587 814 641 876 vel
665 817 729 880 hoc
756 815 809 879 vel
832 815 911 880 illud
933 829 965 880 et
979 816 1117 904 qligendi
1204 885 1206 890 ,

100 923 135 974 et
154 913 271 998 agendi
284 913 429 978 homines
451 914 505 998 qui
527 936 568 978 ex
590 916 830 982 circumstantiis
852 917 926 991 iusti
948 919 1116 992 censentur

100 1027 165 1078 tam
188 1038 208 1080 a
231 1015 369 1099 privatis
394 1039 489 1100 quam
510 1040 529 1082 a
553 1020 660 1104 legum
686 1021 918 1088 conditoribus.
962 1025 1038 1088 Hoc
1060 1047 1116 1104 auf

99 1131 163 1182 tem
189 1119 229 1184 fis
258 1118 287 1182 si
315 1119 431 1204 dignos
464 1122 581 1186 habent
608 1122 723 1206 quibus
755 1124 942 1208 ignoscatur
975 1147 1031 1192 eos
1061 1129 1116 1214 qui

99 1243 166 1286 non
193 1233 311 1305 sponte
333 1221 451 1306 aliquid
474 1225 636 1301 fecerunt,
666 1238 815 1310 tanquam
839 1249 944 1310 poena
971 1251 1036 1306 non
1059 1233 1115 1294 de·

99 1325 191 1388 finita
209 1325 242 1388 in
260 1325 348 1407 ipsas
370 1347 421 1389 res
445 1349 525 1410 quae
544 1327 643 1403 liunt,
667 1330 724 1392 sed
737 1328 769 1392 in
783 1331 912 1394 modum
934 1351 1000 1414 quo
1022 1331 1114 1397 fiunt.

102 1429 168 1492 Est
187 1439 289 1493 aunem
310 1429 377 1492 hoe
392 1430 456 1492 tale
475 1433 562 1513 quod
582 1451 642 1494 nec
663 1430 742 1496 alius
762 1431 1034 1516 quisquam,·nco
1054 1434 1116 1516 ipsi

100 1531 147 1596 illi
170 1552 323 1595 accusare
350 1543 502 1613 possent,
538 1545 575 1597 ut
595 1555 660 1598 nou
686 1545 773 1598 recte
798 1535 986 1600 insolutum.
1031 1535 1115 1603 Cum

102 1655 180 1698 vero
210 1635 318 1698 rubus
342 1633 392 1698 .iis
421 1635 475 1720 qui
500 1659 559 1718 por
578 1626 790 1722 ignorantiani
823 1638 948 1720 decepti
975 1651 1028 1709 aut
1055 1661 1116 1722 pen
1166 1627 1169 1636 Δ

101 1737 284 1802 violentiam
310 1737 413 1802 eoacti
436 1738 624 1821 delinquunt
642 1739 729 1826 digni
747 1740 809 1806 sint
826 1741 940 1824 quibus
964 1743 1114 1826 ignosca-

100 1853 172 1919 tur,
194 1841 229 1904 hi
251 1839 311 1923 qui
334 1852 453 1904 norunt
475 1841 604 1932 qnidtun
629 1841 704 1924 quid
727 1841 866 1918 faciant,
889 1845 947 1906 sed
971 1855 1113 1924 potesta-¹

99 1957 163 2022 terp
176 1965 243 2008 uon
257 1943 379 2006 habent
395 1943 511 2008 talibus
527 1963 583 2006 eos
600 1945 696 2006 rebus
716 1943 1010 2022 circumstantibus2
1033 1967 1114 2028 quao

100 2047 228 2112 omnino
257 2047 334 2110 illos
366 2057 398 2110 et
425 2046 604 2110 necessario
630 2045 834 2112 circumstare
854 2049 991 2124 dehent,
1030 2048 1114 2113 aliud

99 2151 174 2236 quid
200 2147 345 2215 faciendi
366 2170 460 2231 quarn
485 2151 573 2233 quod
596 2146 735 2226 iaciunt,
768 2150 842 2216 ideo
868 2153 956 2235 quod
976 2150 1047 2214 talis
1073 2152 1115 2232 sit

98 2277 214 2320 eorum
238 2265 378 2328 nanus,
410 2262 441 2315 et
465 2254 636 2315 secumdum
657 2264 800 2317 naunun
821 2254 987 2336 propriam
1010 2277 1046 2317 ea
1064 2254 1113 2318 fa·
1191 2259 1192 2264 ’

97 2357 187 2422 cim
208 2377 290 2440 qnae
320 2355 440 2418 iaciunt
468 2355 555 2430 fato,
594 2355 675 2418 sicut
697 2367 810 2418 natura
834 2367 883 2418 cst
910 2359 1113 2439 ponderoso,

98 2459 217 2540 rumpi
234 2462 275 2522 do
296 2457 428 2532 sublimi.
440 2457 612 2534 iaciuntur,
635 2457 716 2522 ferri
730 2461 903 2534 deorsum,¹
923 2471 954 2521 et
967 2458 1112 2538 rotundis
1136 2463 1141 2473 '

100 2559 369 2637 circummoveri,
401 2561 429 2623 si
452 2560 605 2624 iaciuntur
626 2560 837 2643 perdendive.
883 2560 936 2624 Ob
957 2562 1031 2640 talia
1052 2583 1113 2643 pn·

100 2666 168 2730 nire
189 2664 338 2730 homines
364 2663 496 2747 perinde
516 2665 631 2738 habet,
656 2685 694 2728 ac
717 2662 744 2754 si
765 2685 881 2746 equum
906 2662 1017 2745 punias
1039 2662 1112 2730 ideo

98 2771 188 2852 qnod
204 2770 307 2846 homo
328 2788 395 2830 non
419 2777 488 2842 cst,
512 2777 567 2842 aut
587 2765 722 2830 aliorum
746 2764 948 2844 animantium
969 2765 1110 2849 aliquod,

99 2871 173 2936 ideo
196 2873 290 2955 quod
308 2869 441 2932 animam
459 2871 555 2934 habet
577 2869 701 2951 qualour
722 2869 837 2944 habet,
861 2880 894 2930 et
913 2889 979 2932 non
1000 2870 1111 2948 melio-

100 2997 179 3040 rem.
223 2975 274 3040 At
301 2993 397 3038 nemo
420 2971 566 3037 Phalaris
591 2973 674 3035 adeo
692 2971 788 3036 simu
810 2983 841 3035 et
868 2993 982 3052 saeuius
1009 2985 1114 3036 estet

100 3099 230 3154 mens,
270 3087 308 3138 ut
335 3075 469 3158 aliquem
497 3073 623 3155 puniat,
673 3076 760 3158 quod
788 3073 905 3138 feeerit
937 3097 991 3151 oa,
1033 3095 1113 3157 quao

98 3181 195 3244 istrum
217 3180 251 3243 iu
273 3178 404 3254 modum
432 3179 523 3240 fiunt.
552 3177 614 3240 'ln
642 3173 756 3260 quibus
785 3177 884 3263 igitur
912 3178 1016 3242 iustae
1040 3189 1113 3242 sunt

100 3305 278 3367 poenarum
297 3279 503 3344 exactiones?
524 3279 556 3342 in
575 3279 667 3344 nullis
684 3278 753 3344 aliis
774 3283 869 3344 rebus
891 3279 951 3344 nisi
970 3278 1008 3342 iis
1031 3301 1111 3362 quae

100 3387 244 3452 homines
269 3405 428 3468 perverso
452 3405 513 3446 suo
543 3383 659 3446 dilectu
679 3383 874 3467 delinquunt.
933 3381 1015 3444 Nam
1039 3382 1109 3466 quia·

100 3511 249 3574 cunque,
272 3489 308 3553 iu
325 3488 437 3571 quibus
447 3485 510 3569 ipsi
521 3485 687 3573 ¹deligendi
706 3486 868 3550 arbitrium
884 3486 1108 3550 habencderu
1133 3541 1139 3552 ,

100 3593 173 3658 licto
200 3590 379 3676 proposito
396 3589 431 3652 u‘t
455 3576 650 3673 agendorum
676 3593 713 3651 ca
727 3587 850 3656 iaciant
872 3609 952 3670 quae
974 3590 1109 3661 honesta

99 3707 168 3762 sont
191 3707 226 3760 et
251 3693 320 3779 legi
344 3705 573 3765 consentanea,
610 3691 702 3754 lucro
725 3691 843 3754 addicti
861 3704 914 3754 aut
935 3693 1107 3774 uoluptatis

100 3798 287 3873 illecebris,
321 3795 383 3872 illis
409 3794 532 3860 omissis
554 3793 676 3858 faciunt
697 3815 778 3876 quae
800 3805 875 3857 stmt
895 3815 1013 3876 prava,
1053 3817 1109 3860 eos

99 3901 209 3986 poenis
223 3899 357 3983 ¹dignos
375 3897 513 3962 istdicant
540 3895 682 3974 homines
705 3917 815 3959 omues
834 3896 1025 3980 veniamque
1051 3900 1109 3962 im-

796 4002 815 4062 5
