2748 4514
238 297 279 364 80

236 461 257 548 ἡ
283 458 407 538 τούτων
427 462 593 586 περιμορά
613 463 673 548 τὴν
688 465 763 531 τῶν
790 463 965 579 γινομένων
993 461 1027 526 ἐν
1054 459 1101 550 τῷ
1128 453 1247 549 κόσμῳ

181 583 185 592 ’
238 572 405 656 συνέχειαν
425 563 619 660 φυλάσσειν.
657 563 744 636 Ἀλλ’
769 561 845 632 οὐδὲ
873 559 911 628 τό
938 566 1130 684 περισπεῖν
1150 557 1249 628 ἀναί-

236 693 329 751 τιον,
356 671 422 736 ἐπεὶ
441 667 489 759 μὴ
511 673 545 738 ἐκ
567 673 627 738 τοῦ
647 667 831 788 ἀναστῆναι
852 663 912 748 τὴν
933 662 1044 732 ἀιτίαν
1065 664 1146 753 ἔχει,
1169 657 1244 732 ὥστ’

239 769 300 860 οὐχ
334 769 490 852 όότως’
470 774 584 842 σιτίων
618 769 730 865 ἑιρμός
770 766 821 839 ὑπ’
859 765 968 836 ἀυτῶν
998 763 1173 857 λεγόμενος
1206 771 1248 849 ¹¹)

238 871 379 963 ἐυλόχως
399 873 445 944 ἀν’
460 878 521 944 τοῦ
541 880 642 964 μηδὲν
663 871 818 952 ἀναιτίως
837 873 996 959 γίνεσθαι
1020 875 1159 965 φέροιτο
1186 871 1251 956 τὴν

237 973 360 1050 ἀιτίαν.
398 973 459 1059 Ὡς
479 977 543 1071 γὰρ
565 983 601 1045 αἱ
623 973 765 1060 κινήσεις
786 982 842 1044 καί
871 979 902 1042 οἱ
920 971 1038 1067 χρόνοι
1055 975 1169 1064 ἔχουσι
1189 980 1268 1064 μέν.

238 1105 314 1148 τινα
335 1077 461 1165 ἀντίαν,
494 1078 533 1149 οὐ
546 1101 548 1108 ⁴
561 1079 626 1170 μὴν
654 1077 729 1148 όύτε
756 1075 785 1162 ἡ
807 1079 931 1161 κίνησις
958 1075 1018 1168 τὴν
1040 1077 1107 1171 πρὸ
1129 1075 1250 1162 ἀυτῆς,

240 1179 315 1252 όότε
337 1181 356 1251 ό
375 1180 495 1276 χρόνος
515 1183 574 1253 τὸν
594 1181 659 1276 πρό
681 1180 784 1257 ἀστοῦ
811 1178 948 1274 χρόνον,
982 1176 1085 1260 όίτως
1107 1181 1251 1272 ἔχεικαὶ

239 1285 284 1353 τά
305 1289 339 1354 ἐν
359 1285 476 1366 ἀυτοῖς
496 1313 532 1354 τε
552 1293 608 1354 καὶ
628 1284 671 1352 τά
692 1281 732 1352 δι’
757 1281 864 1353 ἀντῶν
887 1281 1043 1374 γινόμενοι
1057 1281 1250 1378 πράγματα.

246 1389 313 1472 Τῆς
343 1397 404 1478 μέν
436 1388 501 1482 χάρ
538 1389 703 1485 συνεχείας
729 1388 795 1454 τῶν
821 1384 935 1455 ἀιτίων
964 1389 1033 1456 ἐστί
1060 1413 1112 1467 τις
1139 1385 1250 1473 ἀιτία,

241 1489 281 1560 δι’
304 1487 347 1575 ἣν
368 1487 387 1559 ὁ
410 1487 535 1581 κόσμος
548 1494 601 1571 ε’ῖς
627 1516 663 1558 τε
691 1495 747 1558 καί
774 1487 883 1568 ἀίδιος
909 1488 997 1564 κατὰ
1026 1488 1065 1558 τό
1097 1488 1185 1560 ἀυτό
1215 1519 1251 1562 τε

244 1602 301 1665 καί
323 1590 474 1674 ὦςαότως
495 1591 545 1663 ἀεὶ
567 1588 800 1682 διοικούμενος.
842 1596 914 1660 Καὶ
931 1596 985 1662 δεῖ
1000 1590 1126 1678 ταύτην
1146 1599 1252 1678 ζητεῖν

241 1725 278 1767 τι
306 1706 363 1766 καὶ
389 1701 597 1791 παραλαβεῖν
627 1693 688 1778 τὴν
720 1692 831 1764 ἀιτίοιν
862 1694 924 1778 12·)
958 1695 1000 1765 οὐ
1029 1696 1096 1786 μὴν
1121 1698 1187 1792 χρὴ
1209 1700 1252 1781 ¹⁵)

243 1799 411 1906 τοιαύτην
428 1796 742 1922 ὑπολαμβάνων,
732 1801 791 1878 ι’ως
817 1793 862 1883 ι4)
888 1802 925 1867 ἐν
945 1804 1006 1869 τοῦ
1026 1805 1252 1897 πρεσβυτέρου

241 1909 403 1994 γίνεσθαι
430 1903 469 1972 τό
497 1900 673 1995 νεώτερον,
709 1898 752 1981 ὡς
778 1897 904 1994 ὁρῶμεν
925 1900 1100 1994 χωόμενον
1121 1907 1175 1973 επὶ
1195 1911 1254 1990 τῆς

243 2013 308 2078 τῶν
336 2003 428 2091 ζώων
452 2012 620 2094 γενέσεως·
656 2000 791 2091 ι’όλοχον
825 2008 861 2071 δὲ
887 2012 944 2074 καὶ
976 2003 1080 2098 ἀρχόν
1111 2033 1189 2078 τινα
1221 2015 1254 2080 ἐν

243 2116 313 2189 τοῖς
344 2107 464 2187 ἀιτίοις
497 2111 580 2175 ε’ῖναι
614 2109 718 2192 λέγειν
725 2158 734 2188 ,
770 2103 876 2176 οὐκέτι
914 2105 1019 2193 ἀλλην
1049 2111 1114 2204 πρὸ
1151 2111 1255 2196 ἀυτῆς

243 2209 348 2332 ἀρχὴν
368 2218 424 2279 καί
445 2207 556 2280 ἀιτίαν
577 2209 726 2298 ἔχουσαν.
772 2205 818 2278 (ίύ
845 2207 910 2324 χάρ
939 2215 969 2280 ἐι
994 2209 1105 2282 πάντα
1131 2215 1177 2285 τὰ
1202 2245 1254 2341 χι-

243 2313 368 2406 νόμενα
387 2311 478 2382 ἀίτιιι
499 2337 581 2401 εχει,
615 2310 678 2395 ἤδη
700 2316 756 2380 καὶ
775 2308 906 2382 πόντων
927 2317 1009 2384 ἐῑναί
1030 2342 1123 2398 τινας
1144 2317 1254 2400 ἀιτίιις

242 2416 388 2508 ἀνάγκη·
418 2413 464 2484 οὗ
492 2414 557 2538 χάρ
586 2411 695 2484 πάντα
723 2413 767 2482 τὰ
788 2413 869 2484 όντα
889 2419 1029 2544 χίνεται.
1067 2427 1162 2544 Πῶς
1188 2424 1254 2556 γὰρ

246 2520 307 2592 οόιι
328 2520 454 2590 ἀτοπον
473 2517 513 2587 τὸ
535 2521 676 2608 λέγειν
659 2545 699 2588 επ
729 2515 867 2611 ἄπειρον
889 2523 972 2590 ἐῖναι
992 2521 1036 2591 τὰ
1057 2521 1166 2610 ἀίτια,
1198 2535 1256 2596 καὶ

244 2626 304 2697 τόν
318 2621 438 2718 ἑιρμὸν
459 2619 567 2690 ἀυτῶν
587 2627 643 2688 καὶ
664 2618 724 2704 τὴν
745 2618 1023 2706 ἐπισύνδεσιν,τ
994 2651 1044 2708 ως
1063 2624 1146 2716 μήτε
1167 2633 1255 2725 πρῶ-

247 2727 307 2799 τόν
327 2755 361 2798 τι
382 2733 466 2796 ε’ῖναι
487 2721 560 2808 ι4ο)
580 2720 661 2813 μήτε
683 2723 852 2813 ἔσχατονς
880 2724 919 2794 τὸ
947 2726 1012 2823 χάρ
1039 2736 1147 2820 μηδὲν.
1170 2738 1255 2804 ἐῖσαι

248 2835 378 2925 πρῶτον
411 2833 456 2912 ¹⁵)
488 2825 596 2897 ἀίτιον
630 2823 804 2914 λέγειν,
783 2836 930 2922 αναιρεῖν
958 2857 1029 2900 εστι
1059 2833 1098 2902 τὸ
1131 2833 1255 2920 ἀίτιον,

246 2933 485 3027 ἀναιρουμένης
505 2929 570 3022 χάρ
593 2927 695 3023 ἀρχῆς
716 2927 934 3021 ἀναιρεῖσθαι
948 2936 1057 3005 καὶιτό
1067 2936 1135 3026 μετ’
1152 2940 1257 3025 ἀυτὴν

248 3035 384 3128 ἀνάχκη.
436 3031 628 3128 Ἀναιροῖτο
662 3036 699 3100 δὲ
733 3041 789 3102 καί
820 3035 983 3126 ἐπιστήμη
1021 3040 1108 3109 κατὰ
1137 3049 1257 3114 τοῖτον

247 3137 427 3230 τὸνλόγον
447 3133 508 3220 ¹⁶),
542 3139 605 3224 ε’ίχε
621 3131 793 3226 ’ἐπιστήμη
819 3143 878 3226 μέν
905 3143 975 3210 ἐστι
1002 3147 1129 3237 κυρίως
1147 3146 1170 3231 ἡ
1192 3153 1257 3218 τῶν

247 3241 385 3339 πρώτων
416 3239 530 3312 ἀιτίων
557 3240 686 3328 γνῶσιν
743 3237 856 3309 θόιι”
838 3265 908 3311 εστι
929 3249 965 3320 δὲ
986 3245 1054 3315 κατ’
1079 3245 1203 3332 ἀντοίις
1224 3255 1258 3322 ἐν

248 3355 320 3428 τοῖς
346 3345 466 3428 ἀιτίοις
494 3342 532 3416 τὸ
560 3343 706 3434 πρῶτον,
748 3366 787 3409 ον
814 3343 909 3414 πᾶσά
939 3373 974 3418 τε
1001 3350 1121 3436 τάξεως
1146 3353 1258 3448 παρό-

248 3448 396 3539 βασις’
377 3445 564 3543 αναιρετικὴ
596 3447 660 3514 τῶν
687 3445 722 3511 ἐν
749 3441 800 3526 όῖς
819 3451 962 3536 γίνεται·
998 3457 1156 3542 γίνεσθαι
1189 3457 1257 3552 χάρ

252 3553 323 3621 ἔνια
351 3559 407 3678 καί
433 3552 527 3647 παρόι
552 3549 613 3634 τὴν
640 3549 701 3616 τοῦ
727 3553 907 3635 βασιλέως
920 3554 1011 3639 τάξιν
1043 3556 1103 3628 οὐκ
1133 3557 1259 3635 ἀδύνα-

253 3681 328 3737 τον,
357 3650 389 3723 όί
410 3653 449 3723 οὐ
476 3651 605 3736 πάντως
631 3677 707 3733 της
716 3653 887 3736 βασιλείας
908 3655 969 3741 ἤδη
989 3661 1115 3780 χίνεται
1134 3667 1260 3755 φθαρ-

162 3763 165 3772 ’
250 3756 327 3828 τινὰ
355 3759 415 3842 ι7),
463 3756 538 3829 οὐδὲ
566 3757 593 3824 ἐί
619 3780 653 3822 τι
684 3757 808 3832 τοότων
836 3770 869 3833 ἐν
896 3763 943 3858 τῷ
973 3759 1085 3856 κόσμῳ
1113 3767 1258 3857 γίνεται

249 3857 380 3940 πόντιος
402 3858 470 3944 ηδη
499 3866 597 3931 τοῦτο
627 3858 751 3940 λόει
717 3897 776 3954 την
797 3837 1010 3956 ἐυδαιμόνίαν
1028 3871 1089 3936 νοῦ
1109 3864 1258 3958 κόσμου,
