2754 4510
960 319 1135 383 ·205

129 501 183 558 ant
202 487 390 554 differenter
407 487 479 550 data
500 497 570 566 eat,
593 507 659 552 uon
680 497 812 574 gravate
827 487 920 552 ferni.
962 487 1009 552 Aa
1024 489 1134 554 ‘homi-

128 617 185 660 nen
215 593 366 660 eximam
394 592 547 658 hahentes
575 604 709 658 mentem
744 603 777 655 et
801 613 980 658 sennonem
1009 593 1064 680 qui
1091 616 1134 658 ea

127 711 232 764 mente
260 697 430 782 procedit,
468 697 500 764 in
533 699 578 764 eo*
607 701 695 783 quod
726 718 796 760 cum
829 697 895 762 aliis
917 697 1137 766 'animantibus

129 823 298 868 domnanae
324 805 460 881 habent,
495 815 669 888 sequnntur
695 815 855 887 natanam,
892 813 928 865 nt
959 803 1020 867 iam
1046 804 1134 870 dixi:

129 920 163 971 at
187 908 361 972 sectandum
391 909 479 992 quod
505 908 624 971 habent
652 889 817 989 eximium,
852 928 916 971 nun
951 921 1005 970 ex·
1023 919 1136 974 natura

128 1010 226 1078 vitam
247 1013 381 1096 degunt.
423 995 503 1077 'Non
528 1011 610 1074 enim
636 1011 780 1075 omnibns
805 1011 887 1074 idem
909 1009 1054 1074 cibans:
1084 1011 1137 1076 alii

128 1113 212 1178 anim
233 1114 363 1180 leonum
387 1135 500 1192 more,
539 1114 593 1178 alii
614 1136 770 1200 agnorum
798 1134 889 1179 mnne
915 1135 951 1178 se
978 1126 1134 1196 pascant,

127 1239 235 1302 neque
264 1237 346 1282 vero
375 1217 458 1282 idem
480 1220 599 1282 habent
627 1239 726 1304 genua
754 1217 869 1295 vestis,
906 1237 1009 1302 neque
1030 1239 1139 1284 morea

129 1323 282 1386 eudem:
315 1342 380 1386 non
401 1323 509 1386 eadem
532 1321 677 1388 omnibus
696 1323 750 1386 lex
774 1321 897 1400 civilia,
934 1339 1000 1386 nnn
1029 1325 1138 1387 eadem

130 1426 173 1490 ad
195 1445 249 1490 rea
270 1428 464 1510 appetendas
493 1426 613 1491 matina
646 1429 703 1490 aad
728 1425 891 1490 hominnm
915 1425 1048 1510 quisque
1074 1448 1137 1511 pro

77 1564 84 1580 ·
129 1549 188 1592 aua
212 1529 378 1593 voluntate
403 1529 500 1594 vitam
525 1529 586 1612 sibi
611 1529 738 1615 deligit,
773 1530 906 1593 alterum
927 1551 993 1593 non
1013 1530 1138 1596 imitana

128 1631 215 1696 ultra
237 1655 333 1717 quam
353 1632 417 1718 ipsi
434 1635 553 1717 placet.
593 1635 681 1698 ›Nam
702 1632 834 1716 quaein
856 1631 917 1696 illia
938 1644 987 1696 eat
1007 1633 1139 1698 libertae

131 1735 321 1802 servitutem
345 1758 410 1802 uon
434 1737 555 1821 patitur
576 1747 609 1802 et
627 1736 656 1800 ai
676 1738 803 1820 qnando
824 1746 938 1818 sponte
958 1737 1075 1815 servit,
1106 1749 1141 1803 et

131 1839 200 1906 hoa
218 1841 261 1904 ad
279 1839 457 1905 lilaertatem
478 1839 545 1905 eins
566 1839 723 1925 pertinet,
746 1859 842 1922 posse
860 1838 983 1902 servire
1001 1839 1029 1902 ai
1046 1841 1140 1906 velit.

134 1943 241 2026 Quam
266 1943 357 2008 multi
375 1943 520 2022 homiues
544 1943 679 2008 maxime
704 1945 788 2026 apud
816 1942 961 2020 Alanos,
998 1942 1139 2008 fernum

134 2049 233 2114 nodo
257 2068 370 2112 manee
387 2059 522 2126 vorant,
550 2069 633 2132 pane
657 2069 723 2115 nou
747 2059 940 2125 vescuntur,
964 2067 1030 2111 non
1051 2051 1140 2132 quod

134 2171 199 2218 uon
226 2152 383 2230 habeant,
420 2153 478 2217 aad
508 2151 581 2237 qnia
608 2172 649 2217 eo
679 2151 766 2217 vesei
794 2150 919 2217 nolunt.
963 2150 1029 2217 Alii
1057 2173 1139 2218 veru

133 2255 217 2320 aient
248 2267 410 2322 mansueta
442 2255 643 2321 animantium
674 2258 714 2318 de
753 2275 847 2320 earne
882 2254 958 2320 nihil
998 2267 1140 2342 gustam.

134 2358 203 2423 Alii
219 2357 361 2442 pisanus
380 2371 553 2425 vescuntur
569 2360 664 2437 aulis,
696 2359 748 2424 alii
769 2359 864 2443 plane
886 2381 903 2422 a
924 2359 1062 2442 piscibus
1082 2363 1140 2423 ab·

131 2461 261 2541 atinent,
285 2463 407 2528 etiamsi
420 2465 560 2529 esuriant
577 2465 726 2528 maxime.
769 2465 850 2528 Sunt
867 2463 922 2546 qui
939 2483 1036 2548 aquas
1053 2466 1139 2528 solae

132 2578 264 2650 potent,
307 2567 415 2631 vinum
451 2567 521 2646 alii,
560 2567 694 2633 siceram
728 2567 793 2631 alii.
858 2566 967 2652 Atque
1009 2567 1139 2632 omnino

133 2689 251 2756 mgna
283 2682 333 2735 eat
359 2669 393 2736 iu
416 2673 555 2738 humano
573 2692 699 2759 geuene
731 2671 876 2736 ciborum
903 2682 1063 2758 pomaque
1091 2669 1141 2734 di·

134 2772 276 2850 metio,
298 2773 343 2840 ita
366 2787 403 2840 nt
423 2787 456 2839 at
474 2775 559 2841 cinea
579 2777 695 2840 herbae
721 2786 753 2838 et
776 2793 872 2856 poma
897 2793 953 2836 esu
978 2772 1138 2838 differant.

134 2877 309 2942 Praeterea
326 2900 407 2944 veno
422 2879 565 2964 quidam,
589 2890 625 2942 ut
639 2877 780 2960 scorpii,
819 2889 855 2941 nt
873 2876 997 2958 aspides
1012 2878 1141 2976 laedunt

134 3001 194 3046 nee
218 2983 314 3059 laeai3
351 2983 478 3067 quddam
499 2995 535 3047 nt
564 2981 623 3046 alia
647 2984 799 3066 quaedam
820 2980 987 3046 animantia
1011 2981 1086 3046 laesi
1104 2999 1140 3044 ee
1263 3043 1265 3057 ,

135 3085 313 3164 vindicant,
338 3087 389 3154 alii
409 3087 536 3171 rapiunt
560 3099 595 3150 ut
615 3085 702 3169 lupi,
733 3095 786 3148 ant
803 3084 950 3149 intantum
970 3095 1006 3146 ut
1022 3096 1140 3150 muste-

132 3187 197 3254 lae·
254 3189 322 3256 Alii
350 3203 387 3256 nt
418 3191 492 3276 agni
526 3202 558 3256 et
582 3209 697 3273 caprae
729 3191 840 3253 ducem
873 3188 923 3252 eui
952 3186 1059 3272 gregis
1088 3207 1141 3252 ae·

135 3303 299 3376 qnnatnr,
331 3293 458 3360 laedunt
479 3316 559 3362 veno
589 3313 649 3358 nec
676 3314 734 3357 eos
762 3314 781 3355 a
806 3291 920 3376 qanbue
944 3290 1020 3354 laesi
1048 3303 1140 3367 sunta

135 3413 203 3480 quo
224 3393 264 3461 fit
283 3407 318 3458 nt
339 3397 391 3462 alii
414 3400 558 3465 dieantur
580 3395 668 3464 boni:
696 3395 748 3460 alii
761 3396 851 3472 mali,
880 3393 931 3458 alii
954 3393 1040 3459 iusti.
1084 3397 1138 3458 Ex

134 3499 251 3584 quibua
274 3497 406 3587 intelligi
425 3515 533 3586 potest
556 3523 621 3566 non
648 3500 777 3565 omnino
802 3500 971 3562 seeundum
996 3511 1139 3563 naturam

134 3601 214 3666 itari
242 3597 417 3668 lannainem.¹
471 3604 595 3686 (Quam
620 3604 702 3668 anina
727 3602 865 3668 dicemus
887 3601 954 3666 eiua
975 3602 1139 3684 propriam

135 3725 205 3770 aeae
226 3707 408 3788 naturaml)
431 3709 495 3772 Sed
513 3708 628 3793 partim
645 3707 772 3792 quidem
790 3717 902 3774 natura
919 3704 1040 3782 remur,
1063 3725 1141 3788 pan·-

133 3808 191 3874 aiu
212 3829 293 3880 vero
316 3809 448 3888 (Elaean,
485 3823 518 3876 et
548 3823 721 3895 propterea
752 3810 894 3886 landem,
931 3807 1140 3892 vituperatio·

134 3931 227 3990 um,
250 3911 479 3980 damnationem
497 3933 560 4000 pao
574 3913 652 4002 ipae·
665 3913 782 3984 ὤΙιιιιι
802 3912 929 4002 ancipit.
952 3913 990 3978 ln
1004 3909 1042 3978 iia
1058 3928 1139 3978 vano
