<?xml version="1.0" encoding="UTF-8"?>
<!DOCTYPE html PUBLIC "-//W3C//DTD XHTML 1.0 Transitional//EN"
    "http://www.w3.org/TR/xhtml1/DTD/xhtml1-transitional.dtd">
<html xmlns="http://www.w3.org/1999/xhtml" xml:lang="en" lang="en">
 <head>
  <title>
</title>
<meta http-equiv="Content-Type" content="text/html;charset=utf-8" />
  <meta name='ocr-system' content='tesseract 3.04.00' />
  <meta name='ocr-capabilities' content='ocr_page ocr_carea ocr_par ocr_line ocrx_word'/>
</head>
<body>
  <div class='ocr_page' id='page_1' title='image "./alexandriaprodi00alexgoog_0260.png"; bbox 0 0 2754 4510; ppageno 0'>
   <div class='ocr_carea' id='block_1_1' title="bbox 237 505 856 782">
    <p class='ocr_par' dir='ltr' id='par_1_1' title="bbox 237 505 856 782">
     <span class='ocr_line' id='line_1_1' title="bbox 240 505 849 591; baseline -0.005 -20"><span class='ocrx_word' id='word_1_1' title='bbox 240 507 293 591; x_wconf 52' lang='lat' dir='ltr'>ld?</span> <span class='ocrx_word' id='word_1_2' title='bbox 317 517 430 588; x_wconf 77' lang='lat' dir='ltr'>Iupiter</span> <span class='ocrx_word' id='word_1_3' title='bbox 449 505 519 580; x_wconf 74' lang='lat' dir='ltr'>dne,</span> <span class='ocrx_word' id='word_1_4' title='bbox 540 521 569 566; x_wconf 77' lang='lat' dir='ltr'>et</span> <span class='ocrx_word' id='word_1_5' title='bbox 589 514 664 568; x_wconf 44' lang='lat' dir='ltr'>Fare,</span> <span class='ocrx_word' id='word_1_6' title='bbox 678 519 849 582; x_wconf 68' lang='lat' dir='ltr'>necessitas,</span> 
     </span>
     <span class='ocr_line' id='line_1_2' title="bbox 240 607 856 693; baseline -0.002 -20"><span class='ocrx_word' id='word_1_7' title='bbox 240 621 417 693; x_wconf 62' lang='lat' dir='ltr'>quemrque</span> <span class='ocrx_word' id='word_1_8' title='bbox 438 627 539 680; x_wconf 70' lang='lat' dir='ltr'>vestro</span> <span class='ocrx_word' id='word_1_9' title='bbox 559 607 724 672; x_wconf 69' lang='lat' dir='ltr'>destinitus</span> <span class='ocrx_word' id='word_1_10' title='bbox 736 623 856 672; x_wconf 77' lang='lat' dir='ltr'>&#39;ntemtns</span> 
     </span>
     <span class='ocr_line' id='line_1_3' title="bbox 237 729 321 782; baseline -0.06 0"><span class='ocrx_word' id='word_1_11' title='bbox 237 729 321 782; x_wconf 82' lang='lat' dir='ltr'>Sum.</span> 
     </span>
    </p>
   </div>
   <div class='ocr_carea' id='block_1_2' title="bbox 105 824 1234 3084">
    <p class='ocr_par' dir='ltr' id='par_1_2' title="bbox 105 824 1234 3084">
     <span class='ocr_line' id='line_1_4' title="bbox 145 824 1234 926; baseline -0.001 -32"><span class='ocrx_word' id='word_1_12' title='bbox 145 839 150 854; x_wconf 79' lang='grc'><em>“</em></span> <span class='ocrx_word' id='word_1_13' title='bbox 193 829 368 902; x_wconf 79' lang='lat' dir='ltr'>Praeterea</span> <span class='ocrx_word' id='word_1_14' title='bbox 391 847 471 926; x_wconf 68' lang='lat' dir='ltr'>nepo</span> <span class='ocrx_word' id='word_1_15' title='bbox 494 825 693 898; x_wconf 77' lang='lat' dir='ltr'>manifestum</span> <span class='ocrx_word' id='word_1_16' title='bbox 717 837 781 904; x_wconf 89' lang='lat' dir='ltr'>est,</span> <span class='ocrx_word' id='word_1_17' title='bbox 805 824 923 914; x_wconf 73' lang='lat' dir='ltr'>ubique</span> <span class='ocrx_word' id='word_1_18' title='bbox 945 849 1000 894; x_wconf 84' lang='lat' dir='ltr'>eos</span> <span class='ocrx_word' id='word_1_19' title='bbox 1025 829 1057 892; x_wconf 92' lang='lat' dir='ltr'>in</span> <span class='ocrx_word' id='word_1_20' title='bbox 1083 833 1159 896; x_wconf 82' lang='lat' dir='ltr'>ore&#39;</span> <span class='ocrx_word' id='word_1_21' title='bbox 1232 869 1234 875; x_wconf 71' lang='lat'>,</span> 
     </span>
     <span class='ocr_line' id='line_1_5' title="bbox 122 929 1140 1021; baseline 0.001 -24"><span class='ocrx_word' id='word_1_22' title='bbox 122 951 261 1021; x_wconf 79' lang='lat' dir='ltr'>gerere,</span> <span class='ocrx_word' id='word_1_23' title='bbox 295 931 384 1016; x_wconf 89' lang='lat' dir='ltr'>quod</span> <span class='ocrx_word' id='word_1_24' title='bbox 405 929 572 1014; x_wconf 77' lang='lat' dir='ltr'>opiniones</span> <span class='ocrx_word' id='word_1_25' title='bbox 600 931 684 1008; x_wconf 87' lang='lat' dir='ltr'>sint,</span> <span class='ocrx_word' id='word_1_26' title='bbox 717 953 797 1016; x_wconf 88' lang='lat' dir='ltr'>quae</span> <span class='ocrx_word' id='word_1_27' title='bbox 823 953 884 996; x_wconf 89' lang='lat' dir='ltr'>nos</span> <span class='ocrx_word' id='word_1_28' title='bbox 908 945 1074 999; x_wconf 81' lang='lat' dir='ltr'>moveant:</span> <span class='ocrx_word' id='word_1_29' title='bbox 1109 947 1140 998; x_wconf 87' lang='lat' dir='ltr'>et</span> 
     </span>
     <span class='ocr_line' id='line_1_6' title="bbox 105 1034 1225 1122; baseline -0.004 -18"><span class='ocrx_word' id='word_1_30' title='bbox 105 1037 217 1113; x_wconf 81' lang='lat' dir='ltr'>‘malis</span> <span class='ocrx_word' id='word_1_31' title='bbox 241 1034 338 1100; x_wconf 81' lang='lat' dir='ltr'>irasci</span> <span class='ocrx_word' id='word_1_32' title='bbox 350 1035 491 1112; x_wconf 84' lang='lat' dir='ltr'>nolunt,</span> <span class='ocrx_word' id='word_1_33' title='bbox 515 1035 670 1118; x_wconf 81' lang='lat' dir='ltr'>siquidem</span> <span class='ocrx_word' id='word_1_34' title='bbox 694 1036 735 1100; x_wconf 86' lang='lat' dir='ltr'>ab</span> <span class='ocrx_word' id='word_1_35' title='bbox 762 1035 965 1120; x_wconf 84' lang='lat' dir='ltr'>opinionibus</span> <span class='ocrx_word' id='word_1_36' title='bbox 986 1058 1140 1122; x_wconf 77' lang='lat' dir='ltr'>cogamur</span> <span class='ocrx_word' id='word_1_37' title='bbox 1222 1077 1225 1084; x_wconf 89' lang='lat'>-</span> 
     </span>
     <span class='ocr_line' id='line_1_7' title="bbox 122 1119 1145 1225; baseline -0.004 -17"><span class='ocrx_word' id='word_1_38' title='bbox 122 1143 208 1216; x_wconf 73' lang='lat' dir='ltr'>mala</span> <span class='ocrx_word' id='word_1_39' title='bbox 224 1150 430 1225; x_wconf 86' lang='lat' dir='ltr'>perpetrare,</span> <span class='ocrx_word' id='word_1_40' title='bbox 471 1151 503 1203; x_wconf 90' lang='lat' dir='ltr'>et</span> <span class='ocrx_word' id='word_1_41' title='bbox 527 1119 618 1204; x_wconf 72' lang='lat' dir='ltr'>nsvin</span> <span class='ocrx_word' id='word_1_42' title='bbox 633 1160 814 1223; x_wconf 84' lang='lat' dir='ltr'>peccemus.</span> <span class='ocrx_word' id='word_1_43' title='bbox 858 1141 941 1206; x_wconf 83' lang='lat' dir='ltr'>Nam</span> <span class='ocrx_word' id='word_1_44' title='bbox 965 1139 993 1204; x_wconf 86' lang='lat' dir='ltr'>si</span> <span class='ocrx_word' id='word_1_45' title='bbox 1014 1139 1145 1224; x_wconf 79' lang='lat' dir='ltr'>opinio·</span> 
     </span>
     <span class='ocr_line' id='line_1_8' title="bbox 119 1242 1224 1330; baseline -0.004 -21"><span class='ocrx_word' id='word_1_46' title='bbox 119 1265 185 1329; x_wconf 71' lang='lat' dir='ltr'>pes</span> <span class='ocrx_word' id='word_1_47' title='bbox 227 1266 288 1310; x_wconf 83' lang='lat' dir='ltr'>nos</span> <span class='ocrx_word' id='word_1_48' title='bbox 331 1255 480 1320; x_wconf 79' lang='lat' dir='ltr'>movent,</span> <span class='ocrx_word' id='word_1_49' title='bbox 526 1265 597 1308; x_wconf 89' lang='lat' dir='ltr'>cum</span> <span class='ocrx_word' id='word_1_50' title='bbox 635 1242 821 1310; x_wconf 85' lang='lat' dir='ltr'>necessitate</span> <span class='ocrx_word' id='word_1_51' title='bbox 857 1243 964 1330; x_wconf 87' lang='lat' dir='ltr'>utique</span> <span class='ocrx_word' id='word_1_52' title='bbox 996 1253 1139 1310; x_wconf 86' lang='lat' dir='ltr'>movent.</span> <span class='ocrx_word' id='word_1_53' title='bbox 1222 1251 1224 1260; x_wconf 90' lang='grc'><strong>’</strong></span> 
     </span>
     <span class='ocr_line' id='line_1_9' title="bbox 121 1344 1140 1440; baseline -0.002 -26"><span class='ocrx_word' id='word_1_54' title='bbox 121 1349 299 1418; x_wconf 75' lang='lat' dir='ltr'>Platonem</span> <span class='ocrx_word' id='word_1_55' title='bbox 322 1367 454 1432; x_wconf 88' lang='lat' dir='ltr'>quoque</span> <span class='ocrx_word' id='word_1_56' title='bbox 476 1356 608 1440; x_wconf 82' lang='lat' dir='ltr'>apparet</span> <span class='ocrx_word' id='word_1_57' title='bbox 627 1344 751 1431; x_wconf 70' lang='lat' dir='ltr'>&#39;uinique</span> <span class='ocrx_word' id='word_1_58' title='bbox 777 1357 938 1426; x_wconf 80' lang='lat' dir='ltr'>statuere,</span> <span class='ocrx_word' id='word_1_59' title='bbox 968 1347 1056 1432; x_wconf 91' lang='lat' dir='ltr'>quod</span> <span class='ocrx_word' id='word_1_60' title='bbox 1074 1345 1140 1412; x_wconf 78' lang='lat' dir='ltr'>arri-</span> 
     </span>
     <span class='ocr_line' id='line_1_10' title="bbox 122 1448 1227 1536; baseline -0.006 -21"><span class='ocrx_word' id='word_1_61' title='bbox 122 1473 180 1516; x_wconf 83' lang='lat' dir='ltr'>ma</span> <span class='ocrx_word' id='word_1_62' title='bbox 200 1449 384 1522; x_wconf 79' lang='lat' dir='ltr'>necessario</span> <span class='ocrx_word' id='word_1_63' title='bbox 415 1449 512 1536; x_wconf 81' lang='lat' dir='ltr'>eligat</span> <span class='ocrx_word' id='word_1_64' title='bbox 539 1469 747 1535; x_wconf 82' lang='lat' dir='ltr'>quaecuuque</span> <span class='ocrx_word' id='word_1_65' title='bbox 781 1448 883 1536; x_wconf 84' lang='lat' dir='ltr'>eligit.</span> <span class='ocrx_word' id='word_1_66' title='bbox 942 1451 1032 1532; x_wconf 85' lang='lat' dir='ltr'>Quae</span> <span class='ocrx_word' id='word_1_67' title='bbox 1060 1471 1140 1514; x_wconf 86' lang='lat' dir='ltr'>vero</span> <span class='ocrx_word' id='word_1_68' title='bbox 1225 1503 1227 1508; x_wconf 89' lang='lat'>.</span> 
     </span>
     <span class='ocr_line' id='line_1_11' title="bbox 120 1553 1142 1638; baseline -0.003 -18"><span class='ocrx_word' id='word_1_69' title='bbox 120 1555 158 1620; x_wconf 86' lang='lat' dir='ltr'>in</span> <span class='ocrx_word' id='word_1_70' title='bbox 185 1553 319 1620; x_wconf 82' lang='lat' dir='ltr'>Fabulis</span> <span class='ocrx_word' id='word_1_71' title='bbox 348 1553 415 1626; x_wconf 86' lang='lat' dir='ltr'>eius</span> <span class='ocrx_word' id='word_1_72' title='bbox 444 1554 668 1638; x_wconf 83' lang='lat' dir='ltr'>reperiuntur,</span> <span class='ocrx_word' id='word_1_73' title='bbox 708 1575 746 1617; x_wconf 87' lang='lat' dir='ltr'>ea</span> <span class='ocrx_word' id='word_1_74' title='bbox 773 1554 900 1637; x_wconf 83' lang='lat' dir='ltr'>quidem</span> <span class='ocrx_word' id='word_1_75' title='bbox 928 1575 993 1619; x_wconf 91' lang='lat' dir='ltr'>non</span> <span class='ocrx_word' id='word_1_76' title='bbox 1025 1556 1142 1618; x_wconf 82' lang='lat' dir='ltr'>debent</span> 
     </span>
     <span class='ocr_line' id='line_1_12' title="bbox 120 1654 1142 1742; baseline -0.004 -18"><span class='ocrx_word' id='word_1_77' title='bbox 120 1657 237 1724; x_wconf 75' lang='lat' dir='ltr'>omnia</span> <span class='ocrx_word' id='word_1_78' title='bbox 264 1669 412 1742; x_wconf 79' lang='lat' dir='ltr'>tanquam</span> <span class='ocrx_word' id='word_1_79' title='bbox 442 1669 590 1722; x_wconf 80' lang='lat' dir='ltr'>accurate</span> <span class='ocrx_word' id='word_1_80' title='bbox 618 1655 704 1720; x_wconf 91' lang='lat' dir='ltr'>dicta</span> <span class='ocrx_word' id='word_1_81' title='bbox 733 1654 918 1729; x_wconf 57' lang='lat' dir='ltr'>naminari.</span> <span class='ocrx_word' id='word_1_82' title='bbox 977 1659 1038 1722; x_wconf 86' lang='lat' dir='ltr'>Est</span> <span class='ocrx_word' id='word_1_83' title='bbox 1058 1657 1142 1722; x_wconf 87' lang='lat' dir='ltr'>enim</span> 
     </span>
     <span class='ocr_line' id='line_1_13' title="bbox 123 1759 1140 1844; baseline 0 -20"><span class='ocrx_word' id='word_1_84' title='bbox 123 1763 191 1826; x_wconf 88' lang='lat' dir='ltr'>hoc</span> <span class='ocrx_word' id='word_1_85' title='bbox 211 1759 399 1836; x_wconf 70' lang='lat' dir='ltr'>,fabularum</span> <span class='ocrx_word' id='word_1_86' title='bbox 421 1759 592 1844; x_wconf 82' lang='lat' dir='ltr'>proprium</span> <span class='ocrx_word' id='word_1_87' title='bbox 625 1780 691 1826; x_wconf 90' lang='lat' dir='ltr'>nou</span> <span class='ocrx_word' id='word_1_88' title='bbox 720 1770 867 1824; x_wconf 86' lang='lat' dir='ltr'>accurate</span> <span class='ocrx_word' id='word_1_89' title='bbox 896 1759 1001 1824; x_wconf 90' lang='lat' dir='ltr'>omnia</span> <span class='ocrx_word' id='word_1_90' title='bbox 1022 1760 1140 1825; x_wconf 78' lang='lat' dir='ltr'>dicere.</span> 
     </span>
     <span class='ocr_line' id='line_1_14' title="bbox 123 1849 1141 1946; baseline -0.005 -16"><span class='ocrx_word' id='word_1_91' title='bbox 123 1861 347 1930; x_wconf 83' lang='lat' dir='ltr'>Nihilominus</span> <span class='ocrx_word' id='word_1_92' title='bbox 386 1872 418 1928; x_wconf 89' lang='lat' dir='ltr'>et</span> <span class='ocrx_word' id='word_1_93' title='bbox 456 1862 489 1926; x_wconf 90' lang='lat' dir='ltr'>in</span> <span class='ocrx_word' id='word_1_94' title='bbox 520 1861 582 1928; x_wconf 89' lang='lat' dir='ltr'>illis</span> <span class='ocrx_word' id='word_1_95' title='bbox 615 1873 748 1946; x_wconf 85' lang='lat' dir='ltr'>apparet</span> <span class='ocrx_word' id='word_1_96' title='bbox 784 1864 954 1946; x_wconf 89' lang='lat' dir='ltr'>quaedam.</span> <span class='ocrx_word' id='word_1_97' title='bbox 972 1849 1141 1928; x_wconf 81' lang='lat' dir='ltr'>necessitas</span> 
     </span>
     <span class='ocr_line' id='line_1_15' title="bbox 125 1961 1197 2052; baseline -0.007 -20"><span class='ocrx_word' id='word_1_98' title='bbox 125 1965 276 2051; x_wconf 79' lang='lat' dir='ltr'>singulas</span> <span class='ocrx_word' id='word_1_99' title='bbox 306 1961 420 2030; x_wconf 88' lang='lat' dir='ltr'>animas</span> <span class='ocrx_word' id='word_1_100' title='bbox 443 1967 483 2032; x_wconf 82' lang='lat' dir='ltr'>sd</span> <span class='ocrx_word' id='word_1_101' title='bbox 511 1964 595 2030; x_wconf 83' lang='lat' dir='ltr'>vitae</span> <span class='ocrx_word' id='word_1_102' title='bbox 622 1964 778 2030; x_wconf 88' lang='lat' dir='ltr'>rationem</span> <span class='ocrx_word' id='word_1_103' title='bbox 800 1962 975 2050; x_wconf 85' lang='lat' dir='ltr'>eligendam</span> <span class='ocrx_word' id='word_1_104' title='bbox 1000 1965 1140 2052; x_wconf 85' lang='lat' dir='ltr'>adigere.</span> <span class='ocrx_word' id='word_1_105' title='bbox 1194 2009 1197 2024; x_wconf 73' lang='grc'>,</span> 
     </span>
     <span class='ocr_line' id='line_1_16' title="bbox 123 2065 1141 2154; baseline 0 -22"><span class='ocrx_word' id='word_1_106' title='bbox 123 2068 218 2138; x_wconf 73' lang='lat' dir='ltr'>Dicit</span> <span class='ocrx_word' id='word_1_107' title='bbox 245 2065 329 2130; x_wconf 87' lang='lat' dir='ltr'>enim</span> <span class='ocrx_word' id='word_1_108' title='bbox 353 2089 396 2131; x_wconf 82' lang='lat' dir='ltr'>ex</span> <span class='ocrx_word' id='word_1_109' title='bbox 425 2067 654 2138; x_wconf 87' lang='lat' dir='ltr'>consuetudine</span> <span class='ocrx_word' id='word_1_110' title='bbox 677 2067 796 2152; x_wconf 86' lang='lat' dir='ltr'>prioris</span> <span class='ocrx_word' id='word_1_111' title='bbox 817 2067 903 2134; x_wconf 83' lang='lat' dir='ltr'>vitae</span> <span class='ocrx_word' id='word_1_112' title='bbox 925 2079 991 2132; x_wconf 92' lang='lat' dir='ltr'>tum</span> <span class='ocrx_word' id='word_1_113' title='bbox 1013 2089 1141 2154; x_wconf 84' lang='lat' dir='ltr'>quoque</span> 
     </span>
     <span class='ocr_line' id='line_1_17' title="bbox 128 2170 1142 2256; baseline 0 -20"><span class='ocrx_word' id='word_1_114' title='bbox 128 2171 268 2236; x_wconf 86' lang='lat' dir='ltr'>animam</span> <span class='ocrx_word' id='word_1_115' title='bbox 292 2170 465 2254; x_wconf 85' lang='lat' dir='ltr'>quamlibet</span> <span class='ocrx_word' id='word_1_116' title='bbox 489 2172 624 2256; x_wconf 82' lang='lat' dir='ltr'>eligere.</span> <span class='ocrx_word' id='word_1_117' title='bbox 681 2171 719 2238; x_wconf 92' lang='lat' dir='ltr'>Si</span> <span class='ocrx_word' id='word_1_118' title='bbox 747 2191 827 2236; x_wconf 84' lang='lat' dir='ltr'>vero</span> <span class='ocrx_word' id='word_1_119' title='bbox 850 2191 892 2235; x_wconf 81' lang='lat' dir='ltr'>ex</span> <span class='ocrx_word' id='word_1_120' title='bbox 917 2171 1142 2236; x_wconf 86' lang='lat' dir='ltr'>consuetudine</span> 
     </span>
     <span class='ocr_line' id='line_1_18' title="bbox 128 2273 1142 2360; baseline -0.004 -18"><span class='ocrx_word' id='word_1_121' title='bbox 128 2273 253 2359; x_wconf 85' lang='lat' dir='ltr'>prioris</span> <span class='ocrx_word' id='word_1_122' title='bbox 274 2273 381 2354; x_wconf 86' lang='lat' dir='ltr'>vitae,</span> <span class='ocrx_word' id='word_1_123' title='bbox 419 2295 495 2340; x_wconf 87' lang='lat' dir='ltr'>sane</span> <span class='ocrx_word' id='word_1_124' title='bbox 516 2275 610 2338; x_wconf 85' lang='lat' dir='ltr'>etiam</span> <span class='ocrx_word' id='word_1_125' title='bbox 638 2290 716 2343; x_wconf 80' lang='lat' dir='ltr'>cum·</span> <span class='ocrx_word' id='word_1_126' title='bbox 737 2296 821 2339; x_wconf 81' lang='lat' dir='ltr'>nexu</span> <span class='ocrx_word' id='word_1_127' title='bbox 846 2274 970 2360; x_wconf 88' lang='lat' dir='ltr'>aliquo,</span> <span class='ocrx_word' id='word_1_128' title='bbox 1005 2273 1034 2340; x_wconf 89' lang='lat' dir='ltr'>si</span> <span class='ocrx_word' id='word_1_129' title='bbox 1061 2295 1142 2339; x_wconf 84' lang='lat' dir='ltr'>vero</span> 
     </span>
     <span class='ocr_line' id='line_1_19' title="bbox 129 2377 1143 2458; baseline -0.002 -16"><span class='ocrx_word' id='word_1_130' title='bbox 129 2399 207 2442; x_wconf 83' lang='lat' dir='ltr'>cum</span> <span class='ocrx_word' id='word_1_131' title='bbox 236 2399 339 2455; x_wconf 87' lang='lat' dir='ltr'>nexu,</span> <span class='ocrx_word' id='word_1_132' title='bbox 376 2399 442 2442; x_wconf 87' lang='lat' dir='ltr'>nou</span> <span class='ocrx_word' id='word_1_133' title='bbox 472 2378 540 2443; x_wconf 89' lang='lat' dir='ltr'>sine</span> <span class='ocrx_word' id='word_1_134' title='bbox 573 2397 685 2455; x_wconf 86' lang='lat' dir='ltr'>causa,</span> <span class='ocrx_word' id='word_1_135' title='bbox 724 2377 818 2441; x_wconf 88' lang='lat' dir='ltr'>etiam</span> <span class='ocrx_word' id='word_1_136' title='bbox 841 2378 1047 2446; x_wconf 78' lang='lat' dir='ltr'>necessario..</span> <span class='ocrx_word' id='word_1_137' title='bbox 1079 2377 1143 2458; x_wconf 87' lang='lat' dir='ltr'>Qui</span> 
     </span>
     <span class='ocr_line' id='line_1_20' title="bbox 131 2480 1143 2565; baseline -0.004 -19"><span class='ocrx_word' id='word_1_138' title='bbox 131 2502 215 2547; x_wconf 79' lang='lat' dir='ltr'>vero</span> <span class='ocrx_word' id='word_1_139' title='bbox 248 2484 289 2549; x_wconf 86' lang='lat' dir='ltr'>ab</span> <span class='ocrx_word' id='word_1_140' title='bbox 325 2481 531 2565; x_wconf 86' lang='lat' dir='ltr'>Horoseopis</span> <span class='ocrx_word' id='word_1_141' title='bbox 569 2480 788 2546; x_wconf 85' lang='lat' dir='ltr'>adulterorum</span> <span class='ocrx_word' id='word_1_142' title='bbox 819 2482 934 2546; x_wconf 88' lang='lat' dir='ltr'>Fatum</span> <span class='ocrx_word' id='word_1_143' title='bbox 969 2480 1143 2545; x_wconf 86' lang='lat' dir='ltr'>tollendum</span> 
     </span>
     <span class='ocr_line' id='line_1_21' title="bbox 131 2582 1140 2670; baseline -0.006 -18"><span class='ocrx_word' id='word_1_144' title='bbox 131 2607 203 2652; x_wconf 84' lang='lat' dir='ltr'>esse</span> <span class='ocrx_word' id='word_1_145' title='bbox 218 2586 357 2670; x_wconf 86' lang='lat' dir='ltr'>probat,</span> <span class='ocrx_word' id='word_1_146' title='bbox 380 2583 407 2648; x_wconf 93' lang='lat' dir='ltr'>is</span> <span class='ocrx_word' id='word_1_147' title='bbox 431 2584 575 2668; x_wconf 89' lang='lat' dir='ltr'>quidem,</span> <span class='ocrx_word' id='word_1_148' title='bbox 598 2605 672 2648; x_wconf 88' lang='lat' dir='ltr'>oum</span> <span class='ocrx_word' id='word_1_149' title='bbox 694 2586 734 2648; x_wconf 89' lang='lat' dir='ltr'>ad</span> <span class='ocrx_word' id='word_1_150' title='bbox 754 2582 908 2647; x_wconf 89' lang='lat' dir='ltr'>eiusmodi</span> <span class='ocrx_word' id='word_1_151' title='bbox 924 2584 1140 2666; x_wconf 82' lang='lat' dir='ltr'>horoscopus,</span> 
     </span>
     <span class='ocr_line' id='line_1_22' title="bbox 130 2685 1143 2771; baseline -0.003 -17"><span class='ocrx_word' id='word_1_152' title='bbox 130 2711 202 2754; x_wconf 80' lang='lat' dir='ltr'>rem</span> <span class='ocrx_word' id='word_1_153' title='bbox 220 2687 361 2754; x_wconf 87' lang='lat' dir='ltr'>iudicatu</span> <span class='ocrx_word' id='word_1_154' title='bbox 385 2686 541 2752; x_wconf 89' lang='lat' dir='ltr'>difficilem</span> <span class='ocrx_word' id='word_1_155' title='bbox 562 2699 745 2771; x_wconf 85' lang='lat' dir='ltr'>provocet,</span> <span class='ocrx_word' id='word_1_156' title='bbox 779 2707 819 2750; x_wconf 88' lang='lat' dir='ltr'>ne</span> <span class='ocrx_word' id='word_1_157' title='bbox 846 2685 916 2769; x_wconf 87' lang='lat' dir='ltr'>ipsc</span> <span class='ocrx_word' id='word_1_158' title='bbox 943 2686 1030 2752; x_wconf 78' lang='lat' dir='ltr'>forte</span> <span class='ocrx_word' id='word_1_159' title='bbox 1055 2698 1143 2751; x_wconf 83' lang='lat' dir='ltr'>recte</span> 
     </span>
     <span class='ocr_line' id='line_1_23' title="bbox 125 2788 1142 2869; baseline -0.003 -12"><span class='ocrx_word' id='word_1_160' title='bbox 125 2790 342 2869; x_wconf 77' lang='lat' dir='ltr'>iudicaverit,</span> <span class='ocrx_word' id='word_1_161' title='bbox 385 2790 481 2856; x_wconf 85' lang='lat' dir='ltr'>nobis</span> <span class='ocrx_word' id='word_1_162' title='bbox 511 2790 605 2855; x_wconf 81' lang='lat' dir='ltr'>etiam</span> <span class='ocrx_word' id='word_1_163' title='bbox 635 2790 750 2856; x_wconf 90' lang='lat' dir='ltr'>merito</span> <span class='ocrx_word' id='word_1_164' title='bbox 782 2811 847 2855; x_wconf 87' lang='lat' dir='ltr'>non</span> <span class='ocrx_word' id='word_1_165' title='bbox 879 2801 928 2856; x_wconf 87' lang='lat' dir='ltr'>est</span> <span class='ocrx_word' id='word_1_166' title='bbox 960 2788 1142 2860; x_wconf 83' lang='lat' dir='ltr'>audiendus.</span> 
     </span>
     <span class='ocr_line' id='line_1_24' title="bbox 133 2891 1232 2985; baseline -0.002 -25"><span class='ocrx_word' id='word_1_167' title='bbox 133 2895 221 2960; x_wconf 86' lang='lat' dir='ltr'>Illud</span> <span class='ocrx_word' id='word_1_168' title='bbox 241 2912 370 2978; x_wconf 86' lang='lat' dir='ltr'>quoque</span> <span class='ocrx_word' id='word_1_169' title='bbox 390 2893 521 2979; x_wconf 90' lang='lat' dir='ltr'>reliquis</span> <span class='ocrx_word' id='word_1_170' title='bbox 543 2891 687 2959; x_wconf 80' lang='lat' dir='ltr'>omnibus</span> <span class='ocrx_word' id='word_1_171' title='bbox 703 2893 905 2972; x_wconf 70' lang='lat' dir='ltr'>obiciemus,</span> <span class='ocrx_word' id='word_1_172' title='bbox 930 2897 1017 2978; x_wconf 89' lang='lat' dir='ltr'>quod</span> <span class='ocrx_word' id='word_1_173' title='bbox 1033 2892 1143 2980; x_wconf 84' lang='lat' dir='ltr'>neqni-</span> <span class='ocrx_word' id='word_1_174' title='bbox 1228 2977 1232 2985; x_wconf 23' lang='grc' dir='ltr'>ι</span> 
     </span>
     <span class='ocr_line' id='line_1_25' title="bbox 136 2995 1142 3084; baseline -0.004 -23"><span class='ocrx_word' id='word_1_175' title='bbox 136 2999 208 3061; x_wconf 90' lang='lat' dir='ltr'>dem</span> <span class='ocrx_word' id='word_1_176' title='bbox 238 2997 303 3062; x_wconf 89' lang='lat' dir='ltr'>hoc</span> <span class='ocrx_word' id='word_1_177' title='bbox 330 3011 571 3084; x_wconf 80' lang='lat' dir='ltr'>argumentum,</span> <span class='ocrx_word' id='word_1_178' title='bbox 609 3017 674 3080; x_wconf 90' lang='lat' dir='ltr'>quo</span> <span class='ocrx_word' id='word_1_179' title='bbox 700 2996 793 3061; x_wconf 87' lang='lat' dir='ltr'>simul</span> <span class='ocrx_word' id='word_1_180' title='bbox 825 3017 897 3062; x_wconf 89' lang='lat' dir='ltr'>cum</span> <span class='ocrx_word' id='word_1_181' title='bbox 923 2999 1006 3061; x_wconf 88' lang='lat' dir='ltr'>Fato</span> <span class='ocrx_word' id='word_1_182' title='bbox 1031 2995 1142 3078; x_wconf 86' lang='lat' dir='ltr'>provi-</span> 
     </span>
    </p>
   </div>
   <div class='ocr_carea' id='block_1_3' title="bbox 136 3099 1142 3802">
    <p class='ocr_par' dir='ltr' id='par_1_3' title="bbox 136 3099 1142 3802">
     <span class='ocr_line' id='line_1_26' title="bbox 136 3099 1142 3188; baseline -0.003 -24"><span class='ocrx_word' id='word_1_183' title='bbox 136 3099 274 3164; x_wconf 81' lang='lat' dir='ltr'>dentiam</span> <span class='ocrx_word' id='word_1_184' title='bbox 292 3099 363 3165; x_wconf 92' lang='lat' dir='ltr'>tolli</span> <span class='ocrx_word' id='word_1_185' title='bbox 383 3121 553 3187; x_wconf 85' lang='lat' dir='ltr'>urgemus,</span> <span class='ocrx_word' id='word_1_186' title='bbox 576 3102 656 3163; x_wconf 88' lang='lat' dir='ltr'>benc</span> <span class='ocrx_word' id='word_1_187' title='bbox 674 3099 868 3178; x_wconf 80' lang='lat' dir='ltr'>dissolvant,</span> <span class='ocrx_word' id='word_1_188' title='bbox 892 3101 948 3188; x_wconf 88' lang='lat' dir='ltr'>qui</span> <span class='ocrx_word' id='word_1_189' title='bbox 969 3099 1142 3162; x_wconf 82' lang='lat' dir='ltr'>dissolvere</span> 
     </span>
     <span class='ocr_line' id='line_1_27' title="bbox 136 3198 1142 3280; baseline -0.005 -12"><span class='ocrx_word' id='word_1_190' title='bbox 136 3213 316 3280; x_wconf 88' lang='lat' dir='ltr'>conantur,</span> <span class='ocrx_word' id='word_1_191' title='bbox 349 3225 421 3270; x_wconf 88' lang='lat' dir='ltr'>cum</span> <span class='ocrx_word' id='word_1_192' title='bbox 453 3203 599 3268; x_wconf 83' lang='lat' dir='ltr'>nimirum</span> <span class='ocrx_word' id='word_1_193' title='bbox 627 3202 734 3268; x_wconf 88' lang='lat' dir='ltr'>dicunt</span> <span class='ocrx_word' id='word_1_194' title='bbox 757 3204 862 3268; x_wconf 89' lang='lat' dir='ltr'>Deum</span> <span class='ocrx_word' id='word_1_195' title='bbox 887 3225 939 3267; x_wconf 87' lang='lat' dir='ltr'>res</span> <span class='ocrx_word' id='word_1_196' title='bbox 968 3198 1142 3265; x_wconf 86' lang='lat' dir='ltr'>indefinitas</span> 
     </span>
     <span class='ocr_line' id='line_1_28' title="bbox 138 3303 1142 3387; baseline -0.004 -19"><span class='ocrx_word' id='word_1_197' title='bbox 138 3303 266 3368; x_wconf 84' lang='lat' dir='ltr'>definite</span> <span class='ocrx_word' id='word_1_198' title='bbox 286 3305 382 3372; x_wconf 86' lang='lat' dir='ltr'>scire.</span> <span class='ocrx_word' id='word_1_199' title='bbox 439 3309 522 3372; x_wconf 86' lang='lat' dir='ltr'>Nam</span> <span class='ocrx_word' id='word_1_200' title='bbox 547 3305 575 3370; x_wconf 87' lang='lat' dir='ltr'>si</span> <span class='ocrx_word' id='word_1_201' title='bbox 593 3307 684 3371; x_wconf 90' lang='lat' dir='ltr'>notio</span> <span class='ocrx_word' id='word_1_202' title='bbox 707 3305 859 3372; x_wconf 82' lang='lat' dir='ltr'>mdefiniti</span> <span class='ocrx_word' id='word_1_203' title='bbox 883 3316 966 3370; x_wconf 89' lang='lat' dir='ltr'>esset</span> <span class='ocrx_word' id='word_1_204' title='bbox 992 3305 1142 3387; x_wconf 85' lang='lat' dir='ltr'>quaedam</span> 
     </span>
     <span class='ocr_line' id='line_1_29' title="bbox 138 3405 1141 3494; baseline 0 -24"><span class='ocrx_word' id='word_1_205' title='bbox 138 3405 272 3486; x_wconf 85' lang='lat' dir='ltr'>relatio,</span> <span class='ocrx_word' id='word_1_206' title='bbox 295 3419 332 3473; x_wconf 91' lang='lat' dir='ltr'>ut</span> <span class='ocrx_word' id='word_1_207' title='bbox 357 3431 429 3474; x_wconf 91' lang='lat' dir='ltr'>cum</span> <span class='ocrx_word' id='word_1_208' title='bbox 454 3411 572 3493; x_wconf 82' lang='lat' dir='ltr'>duplex</span> <span class='ocrx_word' id='word_1_209' title='bbox 593 3409 740 3488; x_wconf 85' lang='lat' dir='ltr'>dicimus,</span> <span class='ocrx_word' id='word_1_210' title='bbox 771 3410 858 3494; x_wconf 92' lang='lat' dir='ltr'>quod</span> <span class='ocrx_word' id='word_1_211' title='bbox 883 3407 1031 3492; x_wconf 87' lang='lat' dir='ltr'>quoniam</span> <span class='ocrx_word' id='word_1_212' title='bbox 1059 3406 1141 3470; x_wconf 77' lang='lat' dir='ltr'>rela-</span> 
     </span>
     <span class='ocr_line' id='line_1_30' title="bbox 138 3509 1140 3596; baseline -0.003 -22"><span class='ocrx_word' id='word_1_213' title='bbox 138 3509 242 3574; x_wconf 83' lang='lat' dir='ltr'>tivum</span> <span class='ocrx_word' id='word_1_214' title='bbox 264 3523 330 3590; x_wconf 89' lang='lat' dir='ltr'>est,</span> <span class='ocrx_word' id='word_1_215' title='bbox 353 3511 444 3576; x_wconf 87' lang='lat' dir='ltr'>huius</span> <span class='ocrx_word' id='word_1_216' title='bbox 463 3523 611 3596; x_wconf 89' lang='lat' dir='ltr'>respectu</span> <span class='ocrx_word' id='word_1_217' title='bbox 630 3514 766 3596; x_wconf 86' lang='lat' dir='ltr'>duplex,</span> <span class='ocrx_word' id='word_1_218' title='bbox 790 3511 868 3575; x_wconf 84' lang='lat' dir='ltr'>alius</span> <span class='ocrx_word' id='word_1_219' title='bbox 883 3530 962 3574; x_wconf 79' lang='lat' dir='ltr'>vero</span> <span class='ocrx_word' id='word_1_220' title='bbox 982 3509 1140 3572; x_wconf 87' lang='lat' dir='ltr'>dimidium</span> 
     </span>
     <span class='ocr_line' id='line_1_31' title="bbox 138 3611 1142 3698; baseline -0.003 -21"><span class='ocrx_word' id='word_1_221' title='bbox 138 3613 226 3677; x_wconf 77' lang='lat' dir='ltr'>forte</span> <span class='ocrx_word' id='word_1_222' title='bbox 261 3627 369 3698; x_wconf 87' lang='lat' dir='ltr'>potest</span> <span class='ocrx_word' id='word_1_223' title='bbox 399 3635 487 3692; x_wconf 86' lang='lat' dir='ltr'>esse,</span> <span class='ocrx_word' id='word_1_224' title='bbox 535 3614 648 3680; x_wconf 89' lang='lat' dir='ltr'>merito</span> <span class='ocrx_word' id='word_1_225' title='bbox 682 3617 769 3680; x_wconf 79' lang='lat' dir='ltr'>torte</span> <span class='ocrx_word' id='word_1_226' title='bbox 808 3614 990 3678; x_wconf 86' lang='lat' dir='ltr'>viderentur</span> <span class='ocrx_word' id='word_1_227' title='bbox 1025 3611 1142 3694; x_wconf 85' lang='lat' dir='ltr'>aliquid</span> 
     </span>
     <span class='ocr_line' id='line_1_32' title="bbox 139 3712 1139 3802; baseline -0.004 -22"><span class='ocrx_word' id='word_1_228' title='bbox 139 3715 278 3795; x_wconf 82' lang='lat' dir='ltr'>dixisse,</span> <span class='ocrx_word' id='word_1_229' title='bbox 313 3715 433 3802; x_wconf 76' lang='lat' dir='ltr'>quiite</span> <span class='ocrx_word' id='word_1_230' title='bbox 450 3717 569 3783; x_wconf 88' lang='lat' dir='ltr'>dicunt.</span> <span class='ocrx_word' id='word_1_231' title='bbox 613 3718 677 3781; x_wconf 85' lang='lat' dir='ltr'>Sed</span> <span class='ocrx_word' id='word_1_232' title='bbox 698 3715 846 3802; x_wconf 88' lang='lat' dir='ltr'>quoniam</span> <span class='ocrx_word' id='word_1_233' title='bbox 866 3716 1077 3790; x_wconf 80' lang='lat' dir='ltr'>indefinitum,</span> <span class='ocrx_word' id='word_1_234' title='bbox 1112 3712 1139 3776; x_wconf 89' lang='lat' dir='ltr'>si</span> 
     </span>
    </p>
   </div>
   <div class='ocr_carea' id='block_1_4' title="bbox 141 3816 1139 3906">
    <p class='ocr_par' dir='ltr' id='par_1_4' title="bbox 141 3816 1139 3906">
     <span class='ocr_line' id='line_1_33' title="bbox 141 3816 1139 3906; baseline -0.015 -17"><span class='ocrx_word' id='word_1_235' title='bbox 141 3819 421 3906; x_wconf 74' lang='lat' dir='ltr'>qsricquemaliud,</span> <span class='ocrx_word' id='word_1_236' title='bbox 445 3821 625 3886; x_wconf 78' lang='lat' dir='ltr'>absolutum</span> <span class='ocrx_word' id='word_1_237' title='bbox 635 3833 682 3884; x_wconf 91' lang='lat' dir='ltr'>est</span> <span class='ocrx_word' id='word_1_238' title='bbox 695 3820 886 3898; x_wconf 83' lang='lat' dir='ltr'>etliberum,</span> <span class='ocrx_word' id='word_1_239' title='bbox 909 3816 1139 3890; x_wconf 84' lang='lat' dir='ltr'>noualitcrest,</span> 
     </span>
    </p>
   </div>
   <div class='ocr_carea' id='block_1_5' title="bbox 28 3919 1143 4016">
    <p class='ocr_par' dir='ltr' id='par_1_5' title="bbox 28 3919 1143 4016">
     <span class='ocr_line' id='line_1_34' title="bbox 28 3919 1143 4016; baseline -0.013 -24"><span class='ocrx_word' id='word_1_240' title='bbox 28 3996 35 4016; x_wconf 44' lang='grc' dir='ltr'><em>Ι</em></span> <span class='ocrx_word' id='word_1_241' title='bbox 141 3944 181 3990; x_wconf 74' lang='grc' dir='ltr'>ιο</span> <span class='ocrx_word' id='word_1_242' title='bbox 196 3922 342 3990; x_wconf 74' lang='lat' dir='ltr'>sinam</span> <span class='ocrx_word' id='word_1_243' title='bbox 360 3922 514 3990; x_wconf 84' lang='lat' dir='ltr'>dixissent</span> <span class='ocrx_word' id='word_1_244' title='bbox 534 3923 652 3991; x_wconf 83' lang='lat' dir='ltr'>bovem</span> <span class='ocrx_word' id='word_1_245' title='bbox 675 3936 823 4010; x_wconf 85' lang='lat' dir='ltr'>tanquam</span> <span class='ocrx_word' id='word_1_246' title='bbox 843 3919 1001 3986; x_wconf 88' lang='lat' dir='ltr'>hominem</span> <span class='ocrx_word' id='word_1_247' title='bbox 1019 3933 1143 3998; x_wconf 80' lang='lat' dir='ltr'>cogno-</span> 
     </span>
    </p>
   </div>
   <div class='ocr_carea' id='block_1_6' title="bbox 0 0 1395 4510">
    <p class='ocr_par' dir='ltr' id='par_1_6' title="bbox 0 0 1395 4510">
     <span class='ocr_line' id='line_1_35' title="bbox 0 0 1395 4510; baseline 0 0"><span class='ocrx_word' id='word_1_248' title='bbox 0 0 1395 4510; x_wconf 95' lang='lat' dir='ltr'> </span> 
     </span>
    </p>
   </div>
  </div>
 </body>
</html>
