<?xml version="1.0" encoding="UTF-8"?>
<!DOCTYPE html PUBLIC "-//W3C//DTD XHTML 1.0 Transitional//EN"
    "http://www.w3.org/TR/xhtml1/DTD/xhtml1-transitional.dtd">
<html xmlns="http://www.w3.org/1999/xhtml" xml:lang="en" lang="en">
 <head>
  <title>
</title>
<meta http-equiv="Content-Type" content="text/html;charset=utf-8" />
  <meta name='ocr-system' content='tesseract 3.04.00' />
  <meta name='ocr-capabilities' content='ocr_page ocr_carea ocr_par ocr_line ocrx_word'/>
</head>
<body>
  <div class='ocr_page' id='page_1' title='image "./alexandriaprodi00alexgoog_0194.png"; bbox 0 0 2790 4512; ppageno 0'>
   <div class='ocr_carea' id='block_1_1' title="bbox 1074 325 1134 388">
    <p class='ocr_par' dir='ltr' id='par_1_1' title="bbox 1074 325 1134 388">
     <span class='ocr_line' id='line_1_1' title="bbox 1074 325 1134 388; baseline -0.033 0"><span class='ocrx_word' id='word_1_1' title='bbox 1074 325 1134 388; x_wconf 76' lang='lat'><strong>177</strong></span> 
     </span>
    </p>
   </div>
   <div class='ocr_carea' id='block_1_2' title="bbox 126 475 1139 1299">
    <p class='ocr_par' dir='ltr' id='par_1_2' title="bbox 126 475 1139 1299">
     <span class='ocr_line' id='line_1_2' title="bbox 130 475 1133 572; baseline 0.004 -14"><span class='ocrx_word' id='word_1_2' title='bbox 130 491 277 558; x_wconf 77' lang='lat' dir='ltr'><strong>Deorum</strong></span> <span class='ocrx_word' id='word_1_3' title='bbox 300 501 404 554; x_wconf 88' lang='lat' dir='ltr'><strong>antem</strong></span> <span class='ocrx_word' id='word_1_4' title='bbox 432 489 561 556; x_wconf 87' lang='lat' dir='ltr'><strong>notitiae</strong></span> <span class='ocrx_word' id='word_1_5' title='bbox 589 509 656 558; x_wconf 90' lang='lat' dir='ltr'><strong>non</strong></span> <span class='ocrx_word' id='word_1_6' title='bbox 681 475 896 572; x_wconf 84' lang='lat' dir='ltr'><strong>indefinitum,</strong></span> <span class='ocrx_word' id='word_1_7' title='bbox 934 498 991 560; x_wconf 86' lang='lat' dir='ltr'><strong>sed</strong></span> <span class='ocrx_word' id='word_1_8' title='bbox 1024 497 1133 562; x_wconf 86' lang='lat' dir='ltr'><strong>delini·</strong></span> 
     </span>
     <span class='ocr_line' id='line_1_3' title="bbox 128 591 1134 690; baseline 0.005 -31"><span class='ocrx_word' id='word_1_9' title='bbox 128 609 208 670; x_wconf 78' lang='lat' dir='ltr'><strong>tam.</strong></span> <span class='ocrx_word' id='word_1_10' title='bbox 264 596 338 660; x_wconf 77' lang='lat' dir='ltr'><strong>Ino</strong></span> <span class='ocrx_word' id='word_1_11' title='bbox 366 591 564 660; x_wconf 71' lang='lat' dir='ltr'><strong>manifestum</strong></span> <span class='ocrx_word' id='word_1_12' title='bbox 596 607 644 690; x_wconf 80' lang='lat' dir='ltr'><strong>est</strong></span> <span class='ocrx_word' id='word_1_13' title='bbox 677 595 782 660; x_wconf 88' lang='lat' dir='ltr'><strong>etiam.</strong></span> <span class='ocrx_word' id='word_1_14' title='bbox 809 607 919 669; x_wconf 83' lang='lat' dir='ltr'><strong>nostra</strong></span> <span class='ocrx_word' id='word_1_15' title='bbox 951 599 1134 686; x_wconf 78' lang='lat' dir='ltr'>cognitione</span> 
     </span>
     <span class='ocr_line' id='line_1_4' title="bbox 127 696 1134 784; baseline 0.003 -20"><span class='ocrx_word' id='word_1_16' title='bbox 127 719 226 782; x_wconf 75' lang='lat' dir='ltr'><strong>posse</strong></span> <span class='ocrx_word' id='word_1_17' title='bbox 246 697 405 764; x_wconf 87' lang='lat' dir='ltr'><strong>interdum</strong></span> <span class='ocrx_word' id='word_1_18' title='bbox 426 696 556 779; x_wconf 86' lang='lat' dir='ltr'><strong>delinito</strong></span> <span class='ocrx_word' id='word_1_19' title='bbox 577 697 668 764; x_wconf 83' lang='lat' dir='ltr'><strong>nosci</strong></span> <span class='ocrx_word' id='word_1_20' title='bbox 688 698 721 762; x_wconf 90' lang='lat' dir='ltr'><strong>id</strong></span> <span class='ocrx_word' id='word_1_21' title='bbox 742 699 830 783; x_wconf 83' lang='lat' dir='ltr'><strong>quod</strong></span> <span class='ocrx_word' id='word_1_22' title='bbox 844 721 958 784; x_wconf 85' lang='lat' dir='ltr'><strong>anceps</strong></span> <span class='ocrx_word' id='word_1_23' title='bbox 978 715 1041 779; x_wconf 64' lang='lat' dir='ltr'><strong>est,</strong></span> <span class='ocrx_word' id='word_1_24' title='bbox 1061 723 1134 768; x_wconf 90' lang='lat' dir='ltr'><strong>cum</strong></span> 
     </span>
     <span class='ocr_line' id='line_1_5' title="bbox 127 797 1134 894; baseline 0.007 -29"><span class='ocrx_word' id='word_1_25' title='bbox 127 801 248 880; x_wconf 68' lang='lat' dir='ltr'><strong>scilicet</strong></span> <span class='ocrx_word' id='word_1_26' title='bbox 269 822 335 865; x_wconf 91' lang='lat' dir='ltr'><strong>non</strong></span> <span class='ocrx_word' id='word_1_27' title='bbox 356 797 595 883; x_wconf 71' lang='lat' dir='ltr'><strong>ultrapropric</strong></span> <span class='ocrx_word' id='word_1_28' title='bbox 618 814 666 866; x_wconf 87' lang='lat' dir='ltr'><strong>est</strong></span> <span class='ocrx_word' id='word_1_29' title='bbox 695 823 831 888; x_wconf 78' lang='lat' dir='ltr'><strong>anceps,</strong></span> <span class='ocrx_word' id='word_1_30' title='bbox 869 806 926 868; x_wconf 90' lang='lat' dir='ltr'><strong>sed</strong></span> <span class='ocrx_word' id='word_1_31' title='bbox 953 806 1134 894; x_wconf 82' lang='lat' dir='ltr'><strong>necessario</strong></span> 
     </span>
     <span class='ocr_line' id='line_1_6' title="bbox 126 903 1137 994; baseline 0.008 -27"><span class='ocrx_word' id='word_1_32' title='bbox 126 903 274 989; x_wconf 72' lang='lat' dir='ltr'><strong>schmr</strong></span> <span class='ocrx_word' id='word_1_33' title='bbox 295 915 494 988; x_wconf 80' lang='lat' dir='ltr'><strong>antegressas</strong></span> <span class='ocrx_word' id='word_1_34' title='bbox 517 925 575 966; x_wconf 87' lang='lat' dir='ltr'><strong>cur</strong></span> <span class='ocrx_word' id='word_1_35' title='bbox 595 903 659 974; x_wconf 84' lang='lat' dir='ltr'><strong>liat,</strong></span> <span class='ocrx_word' id='word_1_36' title='bbox 680 927 802 970; x_wconf 83' lang='lat' dir='ltr'><strong>causas.</strong></span> <span class='ocrx_word' id='word_1_37' title='bbox 857 909 941 982; x_wconf 83' lang='lat' dir='ltr'><strong>Nam</strong></span> <span class='ocrx_word' id='word_1_38' title='bbox 960 920 996 970; x_wconf 91' lang='lat' dir='ltr'><strong>ut</strong></span> <span class='ocrx_word' id='word_1_39' title='bbox 1016 911 1137 994; x_wconf 70' lang='lat' dir='ltr'><strong>globum,</strong></span> 
     </span>
     <span class='ocr_line' id='line_1_7' title="bbox 126 998 1135 1092; baseline 0.004 -20"><span class='ocrx_word' id='word_1_40' title='bbox 126 1008 189 1072; x_wconf 85' lang='lat' dir='ltr'><strong>iam</strong></span> <span class='ocrx_word' id='word_1_41' title='bbox 218 1005 385 1091; x_wconf 77' lang='lat' dir='ltr'><strong>quiescens</strong></span> <span class='ocrx_word' id='word_1_42' title='bbox 426 1005 472 1072; x_wconf 87' lang='lat' dir='ltr'><strong>in.</strong></span> <span class='ocrx_word' id='word_1_43' title='bbox 493 1007 613 1088; x_wconf 85' lang='lat' dir='ltr'><strong>plano,</strong></span> <span class='ocrx_word' id='word_1_44' title='bbox 668 1009 756 1092; x_wconf 88' lang='lat' dir='ltr'><strong>qnod</strong></span> <span class='ocrx_word' id='word_1_45' title='bbox 788 998 911 1075; x_wconf 70' lang='lat' dir='ltr'><strong>circulo</strong></span> <span class='ocrx_word' id='word_1_46' title='bbox 940 1009 1061 1076; x_wconf 83' lang='lat' dir='ltr'><strong>finitori</strong></span> <span class='ocrx_word' id='word_1_47' title='bbox 1094 1012 1135 1078; x_wconf 89' lang='lat' dir='ltr'><strong>sit</strong></span> 
     </span>
     <span class='ocr_line' id='line_1_8' title="bbox 127 1109 1134 1196; baseline 0.005 -23"><span class='ocrx_word' id='word_1_48' title='bbox 127 1109 361 1196; x_wconf 65' lang='lat' dir='ltr'><strong>aequidistans,</strong></span> <span class='ocrx_word' id='word_1_49' title='bbox 399 1121 453 1174; x_wconf 89' lang='lat' dir='ltr'><strong>ant</strong></span> <span class='ocrx_word' id='word_1_50' title='bbox 473 1121 640 1174; x_wconf 81' lang='lat' dir='ltr'><strong>moveatur</strong></span> <span class='ocrx_word' id='word_1_51' title='bbox 660 1133 738 1176; x_wconf 83' lang='lat' dir='ltr'><strong>mox</strong></span> <span class='ocrx_word' id='word_1_52' title='bbox 759 1115 800 1176; x_wconf 88' lang='lat' dir='ltr'><strong>ab</strong></span> <span class='ocrx_word' id='word_1_53' title='bbox 823 1113 948 1196; x_wconf 86' lang='lat' dir='ltr'><strong>aliquo,</strong></span> <span class='ocrx_word' id='word_1_54' title='bbox 987 1113 1041 1184; x_wconf 83' lang='lat' dir='ltr'><strong>aut</strong></span> <span class='ocrx_word' id='word_1_55' title='bbox 1068 1137 1134 1180; x_wconf 90' lang='lat' dir='ltr'><strong>non</strong></span> 
     </span>
     <span class='ocr_line' id='line_1_9' title="bbox 126 1211 1139 1299; baseline 0.006 -23"><span class='ocrx_word' id='word_1_56' title='bbox 126 1217 317 1289; x_wconf 82' lang='lat' dir='ltr'><strong>moveatur,</strong></span> <span class='ocrx_word' id='word_1_57' title='bbox 350 1211 422 1276; x_wconf 88' lang='lat' dir='ltr'><strong>lieri</strong></span> <span class='ocrx_word' id='word_1_58' title='bbox 448 1217 619 1297; x_wconf 87' lang='lat' dir='ltr'><strong>utrumque</strong></span> <span class='ocrx_word' id='word_1_59' title='bbox 640 1225 749 1297; x_wconf 87' lang='lat' dir='ltr'><strong>potest</strong></span> <span class='ocrx_word' id='word_1_60' title='bbox 769 1228 913 1280; x_wconf 88' lang='lat' dir='ltr'><strong>manente</strong></span> <span class='ocrx_word' id='word_1_61' title='bbox 934 1215 1021 1299; x_wconf 89' lang='lat' dir='ltr'><strong>plani</strong></span> <span class='ocrx_word' id='word_1_62' title='bbox 1041 1228 1139 1282; x_wconf 69' lang='lat' dir='ltr'><strong>natm.</strong></span> 
     </span>
    </p>
   </div>
   <div class='ocr_carea' id='block_1_3' title="bbox 125 1314 1235 1408">
    <p class='ocr_par' dir='ltr' id='par_1_3' title="bbox 125 1314 1235 1408">
     <span class='ocr_line' id='line_1_10' title="bbox 125 1314 1235 1408; baseline 0.005 -29"><span class='ocrx_word' id='word_1_63' title='bbox 125 1337 183 1390; x_wconf 65' lang='lat' dir='ltr'><strong>raa</strong></span> <span class='ocrx_word' id='word_1_64' title='bbox 218 1326 251 1380; x_wconf 83' lang='lat' dir='ltr'><strong>at</strong></span> <span class='ocrx_word' id='word_1_65' title='bbox 270 1314 299 1380; x_wconf 83' lang='lat' dir='ltr'><strong>si</strong></span> <span class='ocrx_word' id='word_1_66' title='bbox 318 1315 652 1399; x_wconf 53' lang='lat' dir='ltr'><strong>planum&#39;inclinetun</strong></span> <span class='ocrx_word' id='word_1_67' title='bbox 689 1317 753 1382; x_wconf 87' lang='lat' dir='ltr'><strong>iam</strong></span> <span class='ocrx_word' id='word_1_68' title='bbox 780 1317 852 1382; x_wconf 84' lang='lat' dir='ltr'><strong>ficri</strong></span> <span class='ocrx_word' id='word_1_69' title='bbox 879 1319 989 1403; x_wconf 85' lang='lat' dir='ltr'><strong>nequit</strong></span> <span class='ocrx_word' id='word_1_70' title='bbox 1007 1331 1046 1388; x_wconf 81' lang='grc' dir='ltr'>,ιιι</span> <span class='ocrx_word' id='word_1_71' title='bbox 1067 1341 1137 1390; x_wconf 84' lang='lat' dir='ltr'><strong>non</strong></span> <span class='ocrx_word' id='word_1_72' title='bbox 1223 1395 1235 1408; x_wconf 68' lang='lat'><strong>,-</strong></span> 
     </span>
    </p>
   </div>
   <div class='ocr_carea' id='block_1_4' title="bbox 104 1418 1222 3752">
    <p class='ocr_par' dir='ltr' id='par_1_4' title="bbox 126 1418 1136 1506">
     <span class='ocr_line' id='line_1_11' title="bbox 126 1418 1136 1506; baseline 0.005 -22"><span class='ocrx_word' id='word_1_73' title='bbox 126 1429 310 1484; x_wconf 82' lang='lat' dir='ltr'><strong>moveatnr.</strong></span> <span class='ocrx_word' id='word_1_74' title='bbox 365 1418 499 1484; x_wconf 86' lang='lat' dir='ltr'><strong>Ideo.et</strong></span> <span class='ocrx_word' id='word_1_75' title='bbox 520 1421 662 1485; x_wconf 78' lang='lat' dir='ltr'><strong>medicos</strong></span> <span class='ocrx_word' id='word_1_76' title='bbox 695 1419 860 1499; x_wconf 84' lang='lat' dir='ltr'><strong>videmus,</strong></span> <span class='ocrx_word' id='word_1_77' title='bbox 897 1443 980 1490; x_wconf 89' lang='lat' dir='ltr'><strong>nunc</strong></span> <span class='ocrx_word' id='word_1_78' title='bbox 1008 1423 1136 1506; x_wconf 68' lang='lat' dir='ltr'><strong>qaudam</strong></span> 
     </span>
    </p>

    <p class='ocr_par' dir='ltr' id='par_1_5' title="bbox 104 1520 1137 1610">
     <span class='ocr_line' id='line_1_12' title="bbox 104 1520 1137 1610; baseline 0.004 -24"><span class='ocrx_word' id='word_1_79' title='bbox 104 1520 206 1610; x_wconf 79' lang='lat' dir='ltr'><strong>¹utilail</strong></span> <span class='ocrx_word' id='word_1_80' title='bbox 234 1523 382 1604; x_wconf 81' lang='lat' dir='ltr'><strong>audentes</strong></span> <span class='ocrx_word' id='word_1_81' title='bbox 415 1521 570 1586; x_wconf 84' lang='lat' dir='ltr'><strong>affirmare</strong></span> <span class='ocrx_word' id='word_1_82' title='bbox 599 1525 638 1588; x_wconf 92' lang='lat' dir='ltr'><strong>de</strong></span> <span class='ocrx_word' id='word_1_83' title='bbox 671 1523 929 1608; x_wconf 72' lang='lat' dir='ltr'><strong>aegrotantibus,</strong></span> <span class='ocrx_word' id='word_1_84' title='bbox 967 1523 1069 1592; x_wconf 88' lang='lat' dir='ltr'><strong>sintne</strong></span> <span class='ocrx_word' id='word_1_85' title='bbox 1097 1529 1137 1590; x_wconf 85' lang='lat' dir='ltr'><strong>ad</strong></span> 
     </span>
    </p>

    <p class='ocr_par' dir='ltr' id='par_1_6' title="bbox 126 1623 1222 1710">
     <span class='ocr_line' id='line_1_13' title="bbox 126 1623 1222 1710; baseline 0.005 -22"><span class='ocrx_word' id='word_1_86' title='bbox 126 1623 293 1688; x_wconf 80' lang='lat' dir='ltr'><strong>sanitatem</strong></span> <span class='ocrx_word' id='word_1_87' title='bbox 315 1624 448 1690; x_wconf 85' lang='lat' dir='ltr'><strong>redituri</strong></span> <span class='ocrx_word' id='word_1_88' title='bbox 468 1647 508 1690; x_wconf 83' lang='lat' dir='ltr'><strong>an</strong></span> <span class='ocrx_word' id='word_1_89' title='bbox 529 1623 707 1700; x_wconf 62' lang='lat' dir='ltr'><strong>inceium</strong></span> <span class='ocrx_word' id='word_1_90' title='bbox 732 1626 805 1710; x_wconf 90' lang='lat' dir='ltr'><strong>quia</strong></span> <span class='ocrx_word' id='word_1_91' title='bbox 820 1627 975 1692; x_wconf 86' lang='lat' dir='ltr'><strong>utrumvis</strong></span> <span class='ocrx_word' id='word_1_92' title='bbox 990 1627 1139 1702; x_wconf 74' lang='lat' dir='ltr'><strong>videatur,</strong></span> <span class='ocrx_word' id='word_1_93' title='bbox 1216 1635 1222 1650; x_wconf 87' lang='lat'>&#39;</span> 
     </span>
    </p>

    <p class='ocr_par' dir='ltr' id='par_1_7' title="bbox 126 1725 1135 1818">
     <span class='ocr_line' id='line_1_14' title="bbox 126 1725 1135 1818; baseline 0.008 -26"><span class='ocrx_word' id='word_1_94' title='bbox 126 1725 200 1792; x_wconf 84' lang='lat' dir='ltr'><strong>lieri</strong></span> <span class='ocrx_word' id='word_1_95' title='bbox 227 1748 345 1809; x_wconf 82' lang='lat' dir='ltr'><strong>posse,</strong></span> <span class='ocrx_word' id='word_1_96' title='bbox 379 1727 453 1792; x_wconf 87' lang='lat' dir='ltr'><strong>alias</strong></span> <span class='ocrx_word' id='word_1_97' title='bbox 482 1749 563 1792; x_wconf 82' lang='lat' dir='ltr'><strong>vero</strong></span> <span class='ocrx_word' id='word_1_98' title='bbox 585 1727 652 1792; x_wconf 83' lang='lat' dir='ltr'><strong>sine</strong></span> <span class='ocrx_word' id='word_1_99' title='bbox 672 1728 879 1794; x_wconf 77' lang='lat' dir='ltr'><strong>haesitatione</strong></span> <span class='ocrx_word' id='word_1_100' title='bbox 908 1751 1050 1796; x_wconf 75' lang='lat' dir='ltr'><strong>asserere</strong></span> <span class='ocrx_word' id='word_1_101' title='bbox 1070 1733 1135 1818; x_wconf 63' lang='lat'>¹¹⁰?-</span> 
     </span>
    </p>

    <p class='ocr_par' dir='ltr' id='par_1_8' title="bbox 127 1829 1135 1920">
     <span class='ocr_line' id='line_1_15' title="bbox 127 1829 1135 1920; baseline 0.012 -27"><span class='ocrx_word' id='word_1_102' title='bbox 127 1851 201 1911; x_wconf 84' lang='lat' dir='ltr'><strong>rnm</strong></span> <span class='ocrx_word' id='word_1_103' title='bbox 224 1829 376 1910; x_wconf 89' lang='lat' dir='ltr'><strong>alterum,</strong></span> <span class='ocrx_word' id='word_1_104' title='bbox 409 1843 559 1914; x_wconf 89' lang='lat' dir='ltr'><strong>tanquam</strong></span> <span class='ocrx_word' id='word_1_105' title='bbox 580 1833 668 1916; x_wconf 88' lang='lat' dir='ltr'><strong>quod</strong></span> <span class='ocrx_word' id='word_1_106' title='bbox 689 1830 818 1898; x_wconf 86' lang='lat' dir='ltr'><strong>omnino</strong></span> <span class='ocrx_word' id='word_1_107' title='bbox 840 1832 1018 1920; x_wconf 77' lang='lat' dir='ltr'><strong>aegrotanti</strong></span> <span class='ocrx_word' id='word_1_108' title='bbox 1038 1853 1135 1905; x_wconf 61' lang='lat' dir='ltr'><strong>evene</strong></span> 
     </span>
    </p>

    <p class='ocr_par' dir='ltr' id='par_1_9' title="bbox 127 1932 1136 2120">
     <span class='ocr_line' id='line_1_16' title="bbox 127 1932 1136 2000; baseline -0.002 0"><span class='ocrx_word' id='word_1_109' title='bbox 127 1945 238 2000; x_wconf 77' lang='grc' dir='ltr'>ιιιιιιιιι</span> <span class='ocrx_word' id='word_1_110' title='bbox 258 1932 314 2000; x_wconf 86' lang='lat' dir='ltr'><strong>sit.</strong></span> <span class='ocrx_word' id='word_1_111' title='bbox 1133 1945 1136 1952; x_wconf 85' lang='grc'><strong>’</strong></span> 
     </span>
     <span class='ocr_line' id='line_1_17' title="bbox 590 2040 678 2120; baseline 0.045 -4"><span class='ocrx_word' id='word_1_112' title='bbox 590 2045 622 2120; x_wconf 70' lang='grc'><strong>5.·</strong></span> <span class='ocrx_word' id='word_1_113' title='bbox 648 2040 678 2102; x_wconf 85' lang='grc'><strong>7·</strong></span> 
     </span>
    </p>

    <p class='ocr_par' dir='ltr' id='par_1_10' title="bbox 122 2140 1212 3752">
     <span class='ocr_line' id='line_1_18' title="bbox 194 2140 1141 2230; baseline 0.002 -23"><span class='ocrx_word' id='word_1_114' title='bbox 194 2141 356 2224; x_wconf 81' lang='lat' dir='ltr'><strong>Quoniam</strong></span> <span class='ocrx_word' id='word_1_115' title='bbox 384 2162 464 2209; x_wconf 76' lang='lat' dir='ltr'><strong>vero</strong></span> <span class='ocrx_word' id='word_1_116' title='bbox 493 2141 637 2206; x_wconf 90' lang='lat' dir='ltr'><strong>nonnulli</strong></span> <span class='ocrx_word' id='word_1_117' title='bbox 658 2140 808 2208; x_wconf 72' lang='lat' dir='ltr'><strong>audacius,</strong></span> <span class='ocrx_word' id='word_1_118' title='bbox 825 2152 1027 2230; x_wconf 83' lang='lat' dir='ltr'><strong>segerentes</strong></span> <span class='ocrx_word' id='word_1_119' title='bbox 1048 2141 1141 2217; x_wconf 82' lang='lat' dir='ltr'><strong>circa.</strong></span> 
     </span>
     <span class='ocr_line' id='line_1_19' title="bbox 128 2244 1212 2331; baseline 0.003 -21"><span class='ocrx_word' id='word_1_120' title='bbox 128 2245 317 2330; x_wconf 74' lang='lat' dir='ltr'><strong>prqpositaa</strong></span> <span class='ocrx_word' id='word_1_121' title='bbox 352 2244 413 2324; x_wconf 69' lang='grc' dir='ltr'>ἱιιιι</span> <span class='ocrx_word' id='word_1_122' title='bbox 443 2245 633 2328; x_wconf 84' lang='lat' dir='ltr'><strong>quaestionis</strong></span> <span class='ocrx_word' id='word_1_123' title='bbox 663 2244 844 2330; x_wconf 82' lang='lat' dir='ltr'><strong>indaginem</strong></span> <span class='ocrx_word' id='word_1_124' title='bbox 872 2246 1034 2312; x_wconf 82' lang='lat' dir='ltr'><strong>confidunt</strong></span> <span class='ocrx_word' id='word_1_125' title='bbox 1054 2269 1134 2331; x_wconf 87' lang='lat' dir='ltr'><strong>pro·</strong></span> <span class='ocrx_word' id='word_1_126' title='bbox 1207 2281 1212 2290; x_wconf 36' lang='lat' dir='ltr'>x</span> 
     </span>
     <span class='ocr_line' id='line_1_20' title="bbox 128 2347 1143 2432; baseline 0.004 -21"><span class='ocrx_word' id='word_1_127' title='bbox 128 2349 208 2411; x_wconf 84' lang='lat' dir='ltr'><strong>liare</strong></span> <span class='ocrx_word' id='word_1_128' title='bbox 229 2367 272 2413; x_wconf 85' lang='lat' dir='ltr'><strong>ae</strong></span> <span class='ocrx_word' id='word_1_129' title='bbox 284 2367 443 2429; x_wconf 80' lang='lat' dir='ltr'><strong>possene</strong></span> <span class='ocrx_word' id='word_1_130' title='bbox 464 2347 534 2412; x_wconf 82' lang='lat' dir='ltr'><strong>Diis</strong></span> <span class='ocrx_word' id='word_1_131' title='bbox 564 2347 690 2432; x_wconf 88' lang='lat' dir='ltr'><strong>quidem</strong></span> <span class='ocrx_word' id='word_1_132' title='bbox 718 2349 836 2412; x_wconf 83' lang='lat' dir='ltr'><strong>adesse</strong></span> <span class='ocrx_word' id='word_1_133' title='bbox 850 2348 1006 2414; x_wconf 82' lang='lat' dir='ltr'><strong>definitam</strong></span> <span class='ocrx_word' id='word_1_134' title='bbox 1028 2358 1143 2431; x_wconf 76' lang='lat' dir='ltr'><strong>rennui¹</strong></span> 
     </span>
     <span class='ocr_line' id='line_1_21' title="bbox 130 2448 1134 2536; baseline 0 -20"><span class='ocrx_word' id='word_1_135' title='bbox 130 2448 313 2534; x_wconf 73' lang='lat' dir='ltr'><strong>occipitium</strong></span> <span class='ocrx_word' id='word_1_136' title='bbox 342 2449 574 2535; x_wconf 81' lang='lat' dir='ltr'><strong>cognitionem,</strong></span> <span class='ocrx_word' id='word_1_137' title='bbox 609 2453 796 2516; x_wconf 82' lang='lat' dir='ltr'><strong>adducentes</strong></span> <span class='ocrx_word' id='word_1_138' title='bbox 825 2452 954 2518; x_wconf 85' lang='lat' dir='ltr'><strong>oracula</strong></span> <span class='ocrx_word' id='word_1_139' title='bbox 982 2455 1134 2536; x_wconf 88' lang='lat' dir='ltr'><strong>quaedam</strong></span> 
     </span>
     <span class='ocr_line' id='line_1_22' title="bbox 130 2537 1134 2642; baseline 0 -24"><span class='ocrx_word' id='word_1_140' title='bbox 130 2555 170 2618; x_wconf 86' lang='lat' dir='ltr'><strong>de</strong></span> <span class='ocrx_word' id='word_1_141' title='bbox 190 2553 310 2618; x_wconf 79' lang='lat' dir='ltr'><strong>interis</strong></span> <span class='ocrx_word' id='word_1_142' title='bbox 330 2554 448 2630; x_wconf 85' lang='lat' dir='ltr'><strong>rebus,</strong></span> <span class='ocrx_word' id='word_1_143' title='bbox 485 2553 593 2620; x_wconf 82' lang='lat' dir='ltr'><strong>verbis</strong></span> <span class='ocrx_word' id='word_1_144' title='bbox 621 2553 783 2638; x_wconf 70' lang='lat' dir='ltr'><strong>loquentia</strong></span> <span class='ocrx_word' id='word_1_145' title='bbox 811 2554 931 2632; x_wconf 89' lang='lat' dir='ltr'><strong>dubiis,</strong></span> <span class='ocrx_word' id='word_1_146' title='bbox 970 2537 1134 2642; x_wconf 75' lang='lat' dir='ltr'><strong>dicendum</strong></span> 
     </span>
     <span class='ocr_line' id='line_1_23' title="bbox 127 2656 1132 2743; baseline 0 -21"><span class='ocrx_word' id='word_1_147' title='bbox 127 2656 174 2722; x_wconf 86' lang='lat' dir='ltr'><strong>eis</strong></span> <span class='ocrx_word' id='word_1_148' title='bbox 195 2659 283 2741; x_wconf 83' lang='lat' dir='ltr'><strong>quod</strong></span> <span class='ocrx_word' id='word_1_149' title='bbox 303 2677 435 2743; x_wconf 87' lang='lat' dir='ltr'><strong>maguus</strong></span> <span class='ocrx_word' id='word_1_150' title='bbox 459 2657 609 2738; x_wconf 81' lang='lat' dir='ltr'><strong>syrianus</strong></span> <span class='ocrx_word' id='word_1_151' title='bbox 633 2657 726 2734; x_wconf 89' lang='lat' dir='ltr'><strong>dicit,</strong></span> <span class='ocrx_word' id='word_1_152' title='bbox 750 2656 886 2740; x_wconf 80' lang='lat' dir='ltr'><strong>primum</strong></span> <span class='ocrx_word' id='word_1_153' title='bbox 907 2656 1034 2742; x_wconf 88' lang='lat' dir='ltr'><strong>quidem</strong></span> <span class='ocrx_word' id='word_1_154' title='bbox 1055 2678 1132 2722; x_wconf 89' lang='lat' dir='ltr'><strong>con·</strong></span> 
     </span>
     <span class='ocr_line' id='line_1_24' title="bbox 128 2759 1133 2845; baseline 0 -21"><span class='ocrx_word' id='word_1_155' title='bbox 128 2759 348 2838; x_wconf 68' lang='lat' dir='ltr'><strong>mdemdum,</strong></span> <span class='ocrx_word' id='word_1_156' title='bbox 394 2759 479 2826; x_wconf 90' lang='lat' dir='ltr'><strong>aliud</strong></span> <span class='ocrx_word' id='word_1_157' title='bbox 515 2781 585 2824; x_wconf 86' lang='lat' dir='ltr'><strong>esse</strong></span> <span class='ocrx_word' id='word_1_158' title='bbox 617 2759 762 2824; x_wconf 84' lang='lat' dir='ltr'><strong>Deorum</strong></span> <span class='ocrx_word' id='word_1_159' title='bbox 795 2759 1009 2845; x_wconf 83' lang='lat' dir='ltr'><strong>cognitionem</strong></span> <span class='ocrx_word' id='word_1_160' title='bbox 1038 2769 1133 2844; x_wconf 80' lang='lat' dir='ltr'><strong>atque</strong></span> 
     </span>
     <span class='ocr_line' id='line_1_25' title="bbox 124 2860 1194 2945; baseline 0.001 -19"><span class='ocrx_word' id='word_1_161' title='bbox 124 2861 389 2941; x_wconf 82' lang='lat' dir='ltr'><strong>intellectionem,</strong></span> <span class='ocrx_word' id='word_1_162' title='bbox 415 2861 499 2927; x_wconf 90' lang='lat' dir='ltr'><strong>aliud</strong></span> <span class='ocrx_word' id='word_1_163' title='bbox 519 2883 600 2927; x_wconf 82' lang='lat' dir='ltr'><strong>vero</strong></span> <span class='ocrx_word' id='word_1_164' title='bbox 623 2863 842 2945; x_wconf 78' lang='lat' dir='ltr'><strong>operationem</strong></span> <span class='ocrx_word' id='word_1_165' title='bbox 862 2860 1006 2931; x_wconf 76' lang='lat' dir='ltr'><strong>fatidicae</strong></span> <span class='ocrx_word' id='word_1_166' title='bbox 1025 2871 1132 2928; x_wconf 86' lang='lat' dir='ltr'><strong>motae</strong></span> <span class='ocrx_word' id='word_1_167' title='bbox 1185 2869 1194 2880; x_wconf 83' lang='grc'><em>”</em></span> 
     </span>
     <span class='ocr_line' id='line_1_26' title="bbox 126 2950 1133 3050; baseline 0 -20"><span class='ocrx_word' id='word_1_168' title='bbox 126 2964 253 3050; x_wconf 60' lang='lat' dir='ltr'><strong>videm</strong></span> <span class='ocrx_word' id='word_1_169' title='bbox 274 2985 293 3028; x_wconf 91' lang='lat' dir='ltr'><strong>a</strong></span> <span class='ocrx_word' id='word_1_170' title='bbox 313 2965 406 3041; x_wconf 89' lang='lat' dir='ltr'><strong>Deo,</strong></span> <span class='ocrx_word' id='word_1_171' title='bbox 443 2964 509 3030; x_wconf 52' lang='lat' dir='ltr'><strong>seda</strong></span> <span class='ocrx_word' id='word_1_172' title='bbox 527 2963 560 3030; x_wconf 92' lang='lat' dir='ltr'><strong>in</strong></span> <span class='ocrx_word' id='word_1_173' title='bbox 581 2985 616 3027; x_wconf 87' lang='lat' dir='ltr'><strong>se</strong></span> <span class='ocrx_word' id='word_1_174' title='bbox 636 2964 780 3047; x_wconf 83' lang='lat' dir='ltr'><strong>pariente</strong></span> <span class='ocrx_word' id='word_1_175' title='bbox 802 2977 835 3029; x_wconf 86' lang='lat' dir='ltr'><strong>et</strong></span> <span class='ocrx_word' id='word_1_176' title='bbox 856 2950 1012 3038; x_wconf 80' lang='lat' dir='ltr'><strong>rationem</strong></span> <span class='ocrx_word' id='word_1_177' title='bbox 1032 2965 1133 3050; x_wconf 83' lang='lat' dir='ltr'><strong>parti·</strong></span> 
     </span>
     <span class='ocr_line' id='line_1_27' title="bbox 124 3064 1133 3150; baseline -0.001 -18"><span class='ocrx_word' id='word_1_178' title='bbox 124 3067 220 3132; x_wconf 75' lang='lat' dir='ltr'><strong>ledem</strong></span> <span class='ocrx_word' id='word_1_179' title='bbox 241 3079 274 3132; x_wconf 91' lang='lat' dir='ltr'><strong>ct</strong></span> <span class='ocrx_word' id='word_1_180' title='bbox 297 3066 434 3132; x_wconf 75' lang='lat' dir='ltr'><strong>carmim</strong></span> <span class='ocrx_word' id='word_1_181' title='bbox 456 3077 488 3130; x_wconf 88' lang='lat' dir='ltr'><strong>et</strong></span> <span class='ocrx_word' id='word_1_182' title='bbox 507 3064 652 3130; x_wconf 86' lang='lat' dir='ltr'><strong>notitiam</strong></span> <span class='ocrx_word' id='word_1_183' title='bbox 674 3066 812 3132; x_wconf 73' lang='lat' dir='ltr'><strong>annun.</strong></span> <span class='ocrx_word' id='word_1_184' title='bbox 852 3071 927 3137; x_wconf 86' lang='lat' dir='ltr'><strong>Non</strong></span> <span class='ocrx_word' id='word_1_185' title='bbox 949 3070 1030 3134; x_wconf 88' lang='lat' dir='ltr'><strong>enim</strong></span> <span class='ocrx_word' id='word_1_186' title='bbox 1044 3067 1133 3150; x_wconf 88' lang='lat' dir='ltr'><strong>quod</strong></span> 
     </span>
     <span class='ocr_line' id='line_1_28' title="bbox 125 3171 1132 3257; baseline -0.003 -22"><span class='ocrx_word' id='word_1_187' title='bbox 125 3172 304 3248; x_wconf 72' lang='lat' dir='ltr'><strong>dlnsmatnr</strong></span> <span class='ocrx_word' id='word_1_188' title='bbox 335 3171 424 3246; x_wconf 60' lang='lat' dir='ltr'><strong>imm.</strong></span> <span class='ocrx_word' id='word_1_189' title='bbox 449 3182 497 3234; x_wconf 88' lang='lat' dir='ltr'><strong>est</strong></span> <span class='ocrx_word' id='word_1_190' title='bbox 528 3191 600 3238; x_wconf 86' lang='lat' dir='ltr'><strong>cum</strong></span> <span class='ocrx_word' id='word_1_191' title='bbox 628 3192 668 3238; x_wconf 89' lang='lat' dir='ltr'><strong>eo</strong></span> <span class='ocrx_word' id='word_1_192' title='bbox 698 3173 786 3257; x_wconf 83' lang='lat' dir='ltr'><strong>quod</strong></span> <span class='ocrx_word' id='word_1_193' title='bbox 817 3171 973 3248; x_wconf 79' lang='lat' dir='ltr'><strong>illustrat,</strong></span> <span class='ocrx_word' id='word_1_194' title='bbox 1021 3172 1132 3246; x_wconf 84' lang='lat' dir='ltr'><strong>deinde</strong></span> 
     </span>
     <span class='ocr_line' id='line_1_29' title="bbox 123 3272 1134 3340; baseline -0.002 0"><span class='ocrx_word' id='word_1_195' title='bbox 123 3273 224 3340; x_wconf 88' lang='lat' dir='ltr'><strong>etiam</strong></span> <span class='ocrx_word' id='word_1_196' title='bbox 245 3275 289 3340; x_wconf 87' lang='lat' dir='ltr'><strong>ob</strong></span> <span class='ocrx_word' id='word_1_197' title='bbox 309 3276 510 3339; x_wconf 90' lang='lat' dir='ltr'><strong>commodum</strong></span> <span class='ocrx_word' id='word_1_198' title='bbox 532 3273 722 3338; x_wconf 88' lang='lat' dir='ltr'><strong>audientium</strong></span> <span class='ocrx_word' id='word_1_199' title='bbox 750 3274 819 3339; x_wconf 87' lang='lat' dir='ltr'><strong>dari</strong></span> <span class='ocrx_word' id='word_1_200' title='bbox 850 3276 1006 3340; x_wconf 86' lang='lat' dir='ltr'><strong>interdum</strong></span> <span class='ocrx_word' id='word_1_201' title='bbox 1039 3272 1134 3338; x_wconf 87' lang='lat' dir='ltr'><strong>dubia</strong></span> 
     </span>
     <span class='ocr_line' id='line_1_30' title="bbox 129 3363 1133 3463; baseline -0.004 -19"><span class='ocrx_word' id='word_1_202' title='bbox 129 3363 280 3452; x_wconf 41' lang='lat' dir='ltr'><strong>oracul&amp;</strong></span> <span class='ocrx_word' id='word_1_203' title='bbox 316 3387 352 3439; x_wconf 87' lang='grc' dir='ltr'><strong>ιιι</strong></span> <span class='ocrx_word' id='word_1_204' title='bbox 371 3379 486 3443; x_wconf 86' lang='lat' dir='ltr'><strong>horum</strong></span> <span class='ocrx_word' id='word_1_205' title='bbox 506 3375 712 3463; x_wconf 84' lang='lat' dir='ltr'><strong>intelligentia</strong></span> <span class='ocrx_word' id='word_1_206' title='bbox 735 3390 933 3441; x_wconf 82' lang='lat' dir='ltr'><strong>exerceatur.</strong></span> <span class='ocrx_word' id='word_1_207' title='bbox 991 3377 1133 3440; x_wconf 81' lang='lat' dir='ltr'><strong>Utuntur</strong></span> 
     </span>
     <span class='ocr_line' id='line_1_31' title="bbox 128 3478 1131 3568; baseline -0.001 -24"><span class='ocrx_word' id='word_1_208' title='bbox 128 3480 211 3544; x_wconf 88' lang='lat' dir='ltr'><strong>euim</strong></span> <span class='ocrx_word' id='word_1_209' title='bbox 232 3478 289 3544; x_wconf 88' lang='lat' dir='ltr'><strong>Dii</strong></span> <span class='ocrx_word' id='word_1_210' title='bbox 309 3479 419 3558; x_wconf 86' lang='lat' dir='ltr'><strong>nobis,</strong></span> <span class='ocrx_word' id='word_1_211' title='bbox 441 3491 477 3544; x_wconf 90' lang='lat' dir='ltr'><strong>ut</strong></span> <span class='ocrx_word' id='word_1_212' title='bbox 498 3479 554 3568; x_wconf 87' lang='lat' dir='ltr'><strong>qni</strong></span> <span class='ocrx_word' id='word_1_213' title='bbox 575 3501 593 3542; x_wconf 90' lang='lat' dir='ltr'><strong>a</strong></span> <span class='ocrx_word' id='word_1_214' title='bbox 613 3478 706 3543; x_wconf 79' lang='lat' dir='ltr'><strong>nobis</strong></span> <span class='ocrx_word' id='word_1_215' title='bbox 727 3479 806 3566; x_wconf 83' lang='lat' dir='ltr'><strong>ipsis</strong></span> <span class='ocrx_word' id='word_1_216' title='bbox 829 3498 1014 3544; x_wconf 81' lang='lat' dir='ltr'><strong>moveamur</strong></span> <span class='ocrx_word' id='word_1_217' title='bbox 1037 3490 1070 3542; x_wconf 88' lang='lat' dir='ltr'><strong>et</strong></span> <span class='ocrx_word' id='word_1_218' title='bbox 1091 3481 1131 3543; x_wconf 86' lang='lat' dir='ltr'><strong>ad</strong></span> 
     </span>
     <span class='ocr_line' id='line_1_32' title="bbox 124 3579 1133 3668; baseline -0.002 -20"><span class='ocrx_word' id='word_1_219' title='bbox 124 3601 194 3648; x_wconf 84' lang='lat' dir='ltr'><strong>enm</strong></span> <span class='ocrx_word' id='word_1_220' title='bbox 215 3585 345 3648; x_wconf 87' lang='lat' dir='ltr'><strong>modum</strong></span> <span class='ocrx_word' id='word_1_221' title='bbox 369 3605 421 3650; x_wconf 88' lang='lat' dir='ltr'><strong>res</strong></span> <span class='ocrx_word' id='word_1_222' title='bbox 449 3594 575 3648; x_wconf 85' lang='lat' dir='ltr'><strong>nostras</strong></span> <span class='ocrx_word' id='word_1_223' title='bbox 606 3585 807 3668; x_wconf 83' lang='lat' dir='ltr'><strong>gubernant,</strong></span> <span class='ocrx_word' id='word_1_224' title='bbox 843 3579 1009 3664; x_wconf 86' lang='lat' dir='ltr'><strong>omniaque</strong></span> <span class='ocrx_word' id='word_1_225' title='bbox 1038 3581 1133 3646; x_wconf 90' lang='lat' dir='ltr'><strong>uobis</strong></span> 
     </span>
     <span class='ocr_line' id='line_1_33' title="bbox 122 3683 1129 3752; baseline -0.001 -2"><span class='ocrx_word' id='word_1_226' title='bbox 122 3684 167 3750; x_wconf 85' lang='lat' dir='ltr'><strong>ita</strong></span> <span class='ocrx_word' id='word_1_227' title='bbox 187 3697 222 3752; x_wconf 91' lang='grc' dir='ltr'><strong>ιιι</strong></span> <span class='ocrx_word' id='word_1_228' title='bbox 239 3707 404 3752; x_wconf 86' lang='lat' dir='ltr'><strong>meremur</strong></span> <span class='ocrx_word' id='word_1_229' title='bbox 424 3685 628 3750; x_wconf 85' lang='lat' dir='ltr'><strong>distribuunt.</strong></span> <span class='ocrx_word' id='word_1_230' title='bbox 686 3685 750 3749; x_wconf 89' lang='lat' dir='ltr'><strong>Sed</strong></span> <span class='ocrx_word' id='word_1_231' title='bbox 775 3687 854 3748; x_wconf 88' lang='lat' dir='ltr'><strong>haec</strong></span> <span class='ocrx_word' id='word_1_232' title='bbox 885 3683 972 3748; x_wconf 81' lang='lat' dir='ltr'><strong>sorte</strong></span> <span class='ocrx_word' id='word_1_233' title='bbox 1001 3683 1129 3749; x_wconf 72' lang='lat' dir='ltr'><strong>andana</strong></span> 
     </span>
    </p>
   </div>
   <div class='ocr_carea' id='block_1_5' title="bbox 121 3785 1078 3956">
    <p class='ocr_par' dir='ltr' id='par_1_11' title="bbox 121 3785 1078 3956">
     <span class='ocr_line' id='line_1_34' title="bbox 121 3785 1078 3954; baseline -0.004 -100"><span class='ocrx_word' id='word_1_234' title='bbox 121 3799 152 3854; x_wconf 86' lang='lat' dir='ltr'><strong>et</strong></span> <span class='ocrx_word' id='word_1_235' title='bbox 172 3791 214 3856; x_wconf 79' lang='lat' dir='ltr'><strong>ab</strong></span> <span class='ocrx_word' id='word_1_236' title='bbox 238 3811 279 3857; x_wconf 89' lang='lat' dir='ltr'><strong>eo</strong></span> <span class='ocrx_word' id='word_1_237' title='bbox 302 3790 391 3874; x_wconf 86' lang='lat' dir='ltr'><strong>quod</strong></span> <span class='ocrx_word' id='word_1_238' title='bbox 410 3809 494 3854; x_wconf 90' lang='lat' dir='ltr'><strong>nunc</strong></span> <span class='ocrx_word' id='word_1_239' title='bbox 516 3787 728 3854; x_wconf 71' lang='lat' dir='ltr'><strong>eminemus</strong></span> <span class='ocrx_word' id='word_1_240' title='bbox 749 3786 865 3954; x_wconf 70' lang='lat' dir='ltr'><strong>proqul</strong></span> <span class='ocrx_word' id='word_1_241' title='bbox 886 3785 1078 3852; x_wconf 84' lang='lat' dir='ltr'><strong>recedentia.</strong></span> 
     </span>
     <span class='ocr_line' id='line_1_35' title="bbox 800 3892 816 3956; baseline 0 0"><span class='ocrx_word' id='word_1_242' title='bbox 800 3892 816 3956; x_wconf 81' lang='lat' dir='ltr'><strong>l</strong></span> 
     </span>
    </p>
   </div>
   <div class='ocr_carea' id='block_1_6' title="bbox 0 0 1400 4512">
    <p class='ocr_par' dir='ltr' id='par_1_12' title="bbox 0 0 1400 4512">
     <span class='ocr_line' id='line_1_36' title="bbox 0 0 1400 4512; baseline 0 0"><span class='ocrx_word' id='word_1_243' title='bbox 0 0 1400 4512; x_wconf 95' lang='lat' dir='ltr'><strong> </strong></span> 
     </span>
    </p>
   </div>
  </div>
 </body>
</html>
