<?xml version="1.0" encoding="UTF-8"?>
<!DOCTYPE html PUBLIC "-//W3C//DTD XHTML 1.0 Transitional//EN"
    "http://www.w3.org/TR/xhtml1/DTD/xhtml1-transitional.dtd">
<html xmlns="http://www.w3.org/1999/xhtml" xml:lang="en" lang="en">
 <head>
  <title>
</title>
<meta http-equiv="Content-Type" content="text/html;charset=utf-8" />
  <meta name='ocr-system' content='tesseract 3.04.00' />
  <meta name='ocr-capabilities' content='ocr_page ocr_carea ocr_par ocr_line ocrx_word'/>
</head>
<body>
  <div class='ocr_page' id='page_1' title='image "./alexandriaprodi00alexgoog_0184.png"; bbox 0 0 2790 4512; ppageno 0'>
   <div class='ocr_carea' id='block_1_1' title="bbox 1071 303 1130 362">
    <p class='ocr_par' dir='ltr' id='par_1_1' title="bbox 1071 303 1130 362">
     <span class='ocr_line' id='line_1_1' title="bbox 1071 303 1130 362; baseline 0 0"><span class='ocrx_word' id='word_1_1' title='bbox 1071 303 1130 362; x_wconf 80' lang='lat'>167</span> 
     </span>
    </p>
   </div>
   <div class='ocr_carea' id='block_1_2' title="bbox 135 468 1148 672">
    <p class='ocr_par' dir='ltr' id='par_1_2' title="bbox 135 468 1148 663">
     <span class='ocr_line' id='line_1_2' title="bbox 136 468 1147 570; baseline -0.004 -32"><span class='ocrx_word' id='word_1_2' title='bbox 136 497 168 538; x_wconf 87' lang='lat' dir='ltr'>sc</span> <span class='ocrx_word' id='word_1_3' title='bbox 190 473 236 536; x_wconf 92' lang='lat' dir='ltr'>illi</span> <span class='ocrx_word' id='word_1_4' title='bbox 256 470 419 570; x_wconf 82' lang='lat' dir='ltr'>privantes</span> <span class='ocrx_word' id='word_1_5' title='bbox 442 468 608 534; x_wconf 90' lang='lat' dir='ltr'>incidunt</span> <span class='ocrx_word' id='word_1_6' title='bbox 599 491 640 531; x_wconf 92' lang='lat' dir='ltr'>m</span> <span class='ocrx_word' id='word_1_7' title='bbox 654 491 771 554; x_wconf 83' lang='lat' dir='ltr'>poenas</span> <span class='ocrx_word' id='word_1_8' title='bbox 801 481 832 532; x_wconf 90' lang='lat' dir='ltr'>et</span> <span class='ocrx_word' id='word_1_9' title='bbox 861 469 1050 568; x_wconf 84' lang='lat' dir='ltr'>supplicia</span> <span class='ocrx_word' id='word_1_10' title='bbox 1042 493 1147 568; x_wconf 57' lang='lat' dir='ltr'>ipsos⁸</span> 
     </span>
     <span class='ocr_line' id='line_1_3' title="bbox 135 571 1148 672; baseline -0.007 -32"><span class='ocrx_word' id='word_1_11' title='bbox 135 575 292 672; x_wconf 81' lang='lat' dir='ltr'>mutantia</span> <span class='ocrx_word' id='word_1_12' title='bbox 304 574 335 638; x_wconf 92' lang='lat' dir='ltr'>in</span> <span class='ocrx_word' id='word_1_13' title='bbox 358 571 567 638; x_wconf 88' lang='lat' dir='ltr'>conditionem</span> <span class='ocrx_word' id='word_1_14' title='bbox 590 583 717 636; x_wconf 89' lang='lat' dir='ltr'>naturae</span> <span class='ocrx_word' id='word_1_15' title='bbox 740 594 812 635; x_wconf 76' lang='lat' dir='ltr'>strae</span> <span class='ocrx_word' id='word_1_16' title='bbox 837 583 1105 670; x_wconf 76' lang='lat' dir='ltr'>congruentem.</span> <span class='ocrx_word' id='word_1_17' title='bbox 1145 643 1148 650; x_wconf 28' lang='lat'>¹</span> 
     </span>
    </p>
   </div>
   <div class='ocr_carea' id='block_1_3' title="bbox 138 1073 1160 3960">
    <p class='ocr_par' dir='ltr' id='par_1_3' title="bbox 138 1073 1160 3960">
     <span class='ocr_line' id='line_1_4' title="bbox 201 1073 1134 1184; baseline -0.005 -25"><span class='ocrx_word' id='word_1_18' title='bbox 201 1093 399 1182; x_wconf 85' lang='lat' dir='ltr'>Haecigitur</span> <span class='ocrx_word' id='word_1_19' title='bbox 414 1089 483 1154; x_wconf 91' lang='lat' dir='ltr'>cum</span> <span class='ocrx_word' id='word_1_20' title='bbox 496 1112 536 1183; x_wconf 71' lang='lat' dir='ltr'>ert</span> <span class='ocrx_word' id='word_1_21' title='bbox 551 1091 768 1184; x_wconf 75' lang='grc' dir='ltr'>ιιοιιιιιιιιιιίὶιιιιΙ</span> <span class='ocrx_word' id='word_1_22' title='bbox 779 1106 809 1155; x_wconf 91' lang='lat' dir='ltr'>et</span> <span class='ocrx_word' id='word_1_23' title='bbox 820 1073 883 1158; x_wconf 87' lang='lat' dir='ltr'>non</span> <span class='ocrx_word' id='word_1_24' title='bbox 901 1083 1059 1182; x_wconf 78' lang='lat' dir='ltr'>cormrptis</span> <span class='ocrx_word' id='word_1_25' title='bbox 1069 1094 1134 1184; x_wconf 80' lang='lat' dir='ltr'>arri-</span> 
     </span>
     <span class='ocr_line' id='line_1_5' title="bbox 139 1191 1149 1292; baseline -0.004 -30"><span class='ocrx_word' id='word_1_26' title='bbox 139 1220 263 1264; x_wconf 90' lang='lat' dir='ltr'>morum</span> <span class='ocrx_word' id='word_1_27' title='bbox 284 1191 464 1259; x_wconf 85' lang='lat' dir='ltr'>notionibus</span> <span class='ocrx_word' id='word_1_28' title='bbox 487 1215 545 1276; x_wconf 83' lang='lat' dir='ltr'>per</span> <span class='ocrx_word' id='word_1_29' title='bbox 567 1216 600 1288; x_wconf 86' lang='lat' dir='ltr'>se</span> <span class='ocrx_word' id='word_1_30' title='bbox 623 1207 767 1292; x_wconf 79' lang='lat' dir='ltr'>pateant,</span> <span class='ocrx_word' id='word_1_31' title='bbox 792 1208 823 1266; x_wconf 85' lang='lat' dir='ltr'>et</span> <span class='ocrx_word' id='word_1_32' title='bbox 844 1196 878 1258; x_wconf 89' lang='lat' dir='ltr'>in</span> <span class='ocrx_word' id='word_1_33' title='bbox 891 1196 1012 1287; x_wconf 80' lang='lat' dir='ltr'>decimp</span> <span class='ocrx_word' id='word_1_34' title='bbox 1029 1197 1149 1284; x_wconf 28' lang='lat' dir='ltr'>legum,</span> 
     </span>
     <span class='ocr_line' id='line_1_6' title="bbox 139 1295 1152 1393; baseline -0.004 -29"><span class='ocrx_word' id='word_1_35' title='bbox 139 1303 223 1364; x_wconf 89' lang='lat' dir='ltr'>libro</span> <span class='ocrx_word' id='word_1_36' title='bbox 257 1295 426 1378; x_wconf 87' lang='lat' dir='ltr'>(Platonis)</span> <span class='ocrx_word' id='word_1_37' title='bbox 458 1297 623 1388; x_wconf 87' lang='lat' dir='ltr'>perspicue</span> <span class='ocrx_word' id='word_1_38' title='bbox 658 1300 932 1393; x_wconf 84' lang='lat' dir='ltr'>demonstrentur,</span> <span class='ocrx_word' id='word_1_39' title='bbox 970 1298 1040 1362; x_wconf 86' lang='lat' dir='ltr'>lieri</span> <span class='ocrx_word' id='word_1_40' title='bbox 1072 1319 1152 1389; x_wconf 79' lang='lat' dir='ltr'>noir,</span> 
     </span>
     <span class='ocr_line' id='line_1_7' title="bbox 139 1383 1134 1518; baseline -0.006 -50"><span class='ocrx_word' id='word_1_41' title='bbox 139 1387 246 1518; x_wconf 71' lang='lat' dir='ltr'>potest</span> <span class='ocrx_word' id='word_1_42' title='bbox 266 1383 374 1466; x_wconf 41' lang='lat' dir='ltr'>ut&#39;aut</span> <span class='ocrx_word' id='word_1_43' title='bbox 394 1399 543 1484; x_wconf 86' lang='lat' dir='ltr'>ignorent</span> <span class='ocrx_word' id='word_1_44' title='bbox 565 1413 675 1465; x_wconf 87' lang='lat' dir='ltr'>nostra</span> <span class='ocrx_word' id='word_1_45' title='bbox 696 1400 767 1476; x_wconf 87' lang='lat' dir='ltr'>Dii,</span> <span class='ocrx_word' id='word_1_46' title='bbox 807 1413 860 1492; x_wconf 81' lang='lat' dir='ltr'>aut</span> <span class='ocrx_word' id='word_1_47' title='bbox 883 1401 1073 1466; x_wconf 84' lang='lat' dir='ltr'>indefinitam</span> <span class='ocrx_word' id='word_1_48' title='bbox 1096 1403 1134 1464; x_wconf 88' lang='lat' dir='ltr'>dc</span> 
     </span>
     <span class='ocr_line' id='line_1_8' title="bbox 140 1501 1152 1594; baseline -0.004 -25"><span class='ocrx_word' id='word_1_49' title='bbox 140 1507 177 1569; x_wconf 89' lang='lat' dir='ltr'>iis</span> <span class='ocrx_word' id='word_1_50' title='bbox 199 1507 334 1568; x_wconf 83' lang='lat' dir='ltr'>habeant</span> <span class='ocrx_word' id='word_1_51' title='bbox 355 1501 515 1578; x_wconf 82' lang='lat' dir='ltr'>notitiam,</span> <span class='ocrx_word' id='word_1_52' title='bbox 546 1515 692 1588; x_wconf 87' lang='lat' dir='ltr'>tanquam</span> <span class='ocrx_word' id='word_1_53' title='bbox 715 1501 924 1568; x_wconf 87' lang='lat' dir='ltr'>coniectantes</span> <span class='ocrx_word' id='word_1_54' title='bbox 948 1507 986 1574; x_wconf 87' lang='lat' dir='ltr'>de</span> <span class='ocrx_word' id='word_1_55' title='bbox 1008 1504 1135 1568; x_wconf 82' lang='lat' dir='ltr'>futuris.</span> <span class='ocrx_word' id='word_1_56' title='bbox 1148 1585 1152 1594; x_wconf 93' lang='lat'>.</span> 
     </span>
     <span class='ocr_line' id='line_1_9' title="bbox 140 1605 1153 1696; baseline -0.001 -25"><span class='ocrx_word' id='word_1_57' title='bbox 140 1607 282 1672; x_wconf 89' lang='lat' dir='ltr'>Primum</span> <span class='ocrx_word' id='word_1_58' title='bbox 304 1606 385 1670; x_wconf 90' lang='lat' dir='ltr'>euim</span> <span class='ocrx_word' id='word_1_59' title='bbox 406 1605 486 1668; x_wconf 91' lang='lat' dir='ltr'>sicut</span> <span class='ocrx_word' id='word_1_60' title='bbox 509 1605 655 1670; x_wconf 76' lang='grc' dir='ltr'>Ίίιιιιιειιι</span> <span class='ocrx_word' id='word_1_61' title='bbox 677 1629 735 1680; x_wconf 88' lang='lat' dir='ltr'>nos</span> <span class='ocrx_word' id='word_1_62' title='bbox 759 1608 882 1683; x_wconf 88' lang='lat' dir='ltr'>docuit,</span> <span class='ocrx_word' id='word_1_63' title='bbox 918 1619 949 1671; x_wconf 90' lang='lat' dir='ltr'>et</span> <span class='ocrx_word' id='word_1_64' title='bbox 969 1607 1037 1696; x_wconf 89' lang='lat' dir='ltr'>ipse</span> <span class='ocrx_word' id='word_1_65' title='bbox 1059 1606 1137 1670; x_wconf 84' lang='lat' dir='ltr'>Ari·</span> <span class='ocrx_word' id='word_1_66' title='bbox 1150 1679 1153 1692; x_wconf 36' lang='grc' dir='ltr'>Ι</span> 
     </span>
     <span class='ocr_line' id='line_1_10' title="bbox 139 1695 1153 1800; baseline -0.004 -26"><span class='ocrx_word' id='word_1_67' title='bbox 139 1711 270 1776; x_wconf 87' lang='lat' dir='ltr'>stoteles</span> <span class='ocrx_word' id='word_1_68' title='bbox 293 1711 330 1771; x_wconf 92' lang='lat' dir='ltr'>de</span> <span class='ocrx_word' id='word_1_69' title='bbox 353 1695 464 1770; x_wconf 90' lang='lat' dir='ltr'>divinis</span> <span class='ocrx_word' id='word_1_70' title='bbox 487 1730 583 1796; x_wconf 88' lang='lat' dir='ltr'>agens</span> <span class='ocrx_word' id='word_1_71' title='bbox 606 1703 805 1794; x_wconf 81' lang='lat' dir='ltr'>pronuntiat,</span> <span class='ocrx_word' id='word_1_72' title='bbox 831 1722 863 1772; x_wconf 91' lang='lat' dir='ltr'>et</span> <span class='ocrx_word' id='word_1_73' title='bbox 885 1722 956 1800; x_wconf 83' lang='lat' dir='ltr'>ante</span> <span class='ocrx_word' id='word_1_74' title='bbox 978 1710 1037 1772; x_wconf 91' lang='lat' dir='ltr'>bos</span> <span class='ocrx_word' id='word_1_75' title='bbox 1055 1711 1137 1772; x_wconf 89' lang='lat' dir='ltr'>Par·</span> <span class='ocrx_word' id='word_1_76' title='bbox 1148 1768 1153 1779; x_wconf 92' lang='grc'><em>,</em></span> 
     </span>
     <span class='ocr_line' id='line_1_11' title="bbox 140 1790 1155 1906; baseline 0.002 -30"><span class='ocrx_word' id='word_1_77' title='bbox 140 1814 299 1906; x_wconf 76' lang='lat' dir='ltr'>munides,</span> <span class='ocrx_word' id='word_1_78' title='bbox 331 1833 393 1874; x_wconf 90' lang='lat' dir='ltr'>nou</span> <span class='ocrx_word' id='word_1_79' title='bbox 415 1807 498 1893; x_wconf 85' lang='lat' dir='ltr'>apud</span> <span class='ocrx_word' id='word_1_80' title='bbox 519 1811 686 1902; x_wconf 87' lang='lat' dir='ltr'>Platonem</span> <span class='ocrx_word' id='word_1_81' title='bbox 707 1823 842 1888; x_wconf 89' lang='lat' dir='ltr'>tantum,</span> <span class='ocrx_word' id='word_1_82' title='bbox 877 1790 985 1876; x_wconf 86' lang='lat' dir='ltr'>sedet</span> <span class='ocrx_word' id='word_1_83' title='bbox 1005 1811 1036 1876; x_wconf 90' lang='lat' dir='ltr'>in</span> <span class='ocrx_word' id='word_1_84' title='bbox 1060 1832 1138 1900; x_wconf 88' lang='lat' dir='ltr'>pro</span> <span class='ocrx_word' id='word_1_85' title='bbox 1148 1869 1155 1878; x_wconf 16' lang='grc' dir='ltr'>,Α</span> 
     </span>
     <span class='ocr_line' id='line_1_12' title="bbox 140 1911 1138 2014; baseline 0 -36"><span class='ocrx_word' id='word_1_86' title='bbox 140 1915 218 1998; x_wconf 87' lang='lat' dir='ltr'>priis</span> <span class='ocrx_word' id='word_1_87' title='bbox 253 1911 478 2006; x_wconf 77' lang='lat' dir='ltr'>carminibus:</span> <span class='ocrx_word' id='word_1_88' title='bbox 503 1913 578 2014; x_wconf 82' lang='lat' dir='ltr'>nihil</span> <span class='ocrx_word' id='word_1_89' title='bbox 607 1926 654 1978; x_wconf 89' lang='lat' dir='ltr'>est</span> <span class='ocrx_word' id='word_1_90' title='bbox 679 1917 769 2004; x_wconf 85' lang='lat' dir='ltr'>apud</span> <span class='ocrx_word' id='word_1_91' title='bbox 794 1917 883 1980; x_wconf 86' lang='lat' dir='ltr'>Deos</span> <span class='ocrx_word' id='word_1_92' title='bbox 913 1925 966 1979; x_wconf 84' lang='lat' dir='ltr'>aut</span> <span class='ocrx_word' id='word_1_93' title='bbox 994 1924 1138 1978; x_wconf 68' lang='lat' dir='ltr'>exactum</span> 
     </span>
     <span class='ocr_line' id='line_1_13' title="bbox 141 1997 1154 2108; baseline -0.002 -28"><span class='ocrx_word' id='word_1_94' title='bbox 141 2031 192 2082; x_wconf 84' lang='lat' dir='ltr'>aut</span> <span class='ocrx_word' id='word_1_95' title='bbox 219 2001 383 2090; x_wconf 81' lang='lat' dir='ltr'>futruum&#39;,</span> <span class='ocrx_word' id='word_1_96' title='bbox 417 2039 518 2099; x_wconf 89' lang='lat' dir='ltr'>neque</span> <span class='ocrx_word' id='word_1_97' title='bbox 545 1997 660 2082; x_wconf 87' lang='lat' dir='ltr'>horum</span> <span class='ocrx_word' id='word_1_98' title='bbox 689 2019 819 2082; x_wconf 88' lang='lat' dir='ltr'>alterum</span> <span class='ocrx_word' id='word_1_99' title='bbox 832 2029 946 2108; x_wconf 86' lang='lat' dir='ltr'>potest</span> <span class='ocrx_word' id='word_1_100' title='bbox 969 2015 1029 2082; x_wconf 85' lang='lat' dir='ltr'>dici</span> <span class='ocrx_word' id='word_1_101' title='bbox 1050 2037 1154 2106; x_wconf 79' lang='lat' dir='ltr'>esse„</span> 
     </span>
     <span class='ocr_line' id='line_1_14' title="bbox 141 2117 1140 2208; baseline -0.003 -26"><span class='ocrx_word' id='word_1_102' title='bbox 141 2121 212 2206; x_wconf 80' lang='lat' dir='ltr'>quia</span> <span class='ocrx_word' id='word_1_103' title='bbox 234 2117 313 2184; x_wconf 87' lang='lat' dir='ltr'>illu&#39;d</span> <span class='ocrx_word' id='word_1_104' title='bbox 334 2140 398 2180; x_wconf 92' lang='lat' dir='ltr'>non</span> <span class='ocrx_word' id='word_1_105' title='bbox 419 2121 500 2182; x_wconf 86' lang='lat' dir='ltr'>ultra</span> <span class='ocrx_word' id='word_1_106' title='bbox 522 2119 578 2194; x_wconf 89' lang='lat' dir='ltr'>sit,</span> <span class='ocrx_word' id='word_1_107' title='bbox 602 2122 666 2184; x_wconf 90' lang='lat' dir='ltr'>hoc</span> <span class='ocrx_word' id='word_1_108' title='bbox 688 2142 766 2208; x_wconf 81' lang='lat' dir='ltr'>vero</span> <span class='ocrx_word' id='word_1_109' title='bbox 789 2123 949 2196; x_wconf 90' lang='lat' dir='ltr'>nondum,</span> <span class='ocrx_word' id='word_1_110' title='bbox 974 2119 1050 2185; x_wconf 88' lang='lat' dir='ltr'>illud</span> <span class='ocrx_word' id='word_1_111' title='bbox 1072 2141 1140 2180; x_wconf 91' lang='lat' dir='ltr'>mu-</span> 
     </span>
     <span class='ocr_line' id='line_1_15' title="bbox 142 2221 1141 2316; baseline 0 -30"><span class='ocrx_word' id='word_1_112' title='bbox 142 2236 242 2286; x_wconf 88' lang='lat' dir='ltr'>tatum</span> <span class='ocrx_word' id='word_1_113' title='bbox 263 2222 342 2316; x_wconf 64' lang='lat' dir='ltr'>l³¹l¹2</span> <span class='ocrx_word' id='word_1_114' title='bbox 381 2222 443 2284; x_wconf 91' lang='lat' dir='ltr'>hoc</span> <span class='ocrx_word' id='word_1_115' title='bbox 471 2223 503 2284; x_wconf 89' lang='lat' dir='ltr'>in</span> <span class='ocrx_word' id='word_1_116' title='bbox 524 2222 673 2310; x_wconf 84' lang='lat' dir='ltr'>proximo</span> <span class='ocrx_word' id='word_1_117' title='bbox 696 2236 729 2288; x_wconf 90' lang='lat' dir='ltr'>ut</span> <span class='ocrx_word' id='word_1_118' title='bbox 751 2236 899 2288; x_wconf 88' lang='lat' dir='ltr'>urutetnr.</span> <span class='ocrx_word' id='word_1_119' title='bbox 946 2221 1036 2284; x_wconf 83' lang='lat' dir='ltr'>&#39;l&#39;alia</span> <span class='ocrx_word' id='word_1_120' title='bbox 1059 2221 1141 2286; x_wconf 72' lang='lat' dir='ltr'>einim</span> 
     </span>
     <span class='ocr_line' id='line_1_16' title="bbox 142 2321 1140 2416; baseline -0.006 -24"><span class='ocrx_word' id='word_1_121' title='bbox 142 2327 179 2392; x_wconf 89' lang='lat' dir='ltr'>iis</span> <span class='ocrx_word' id='word_1_122' title='bbox 201 2325 255 2408; x_wconf 89' lang='lat' dir='ltr'>qui</span> <span class='ocrx_word' id='word_1_123' title='bbox 276 2321 400 2406; x_wconf 82' lang='lat' dir='ltr'>semper</span> <span class='ocrx_word' id='word_1_124' title='bbox 421 2338 492 2387; x_wconf 90' lang='lat' dir='ltr'>suut</span> <span class='ocrx_word' id='word_1_125' title='bbox 515 2339 544 2388; x_wconf 91' lang='lat' dir='ltr'>et</span> <span class='ocrx_word' id='word_1_126' title='bbox 559 2327 762 2416; x_wconf 80' lang='lat' dir='ltr'>mutationem</span> <span class='ocrx_word' id='word_1_127' title='bbox 776 2349 820 2416; x_wconf 23' lang='lat' dir='ltr'>ne*</span> <span class='ocrx_word' id='word_1_128' title='bbox 829 2329 1000 2415; x_wconf 84' lang='lat' dir='ltr'>cogitando</span> <span class='ocrx_word' id='word_1_129' title='bbox 1017 2327 1140 2410; x_wconf 79' lang='lat' dir='ltr'>qrridem</span> 
     </span>
     <span class='ocr_line' id='line_1_17' title="bbox 143 2427 1143 2518; baseline -0.002 -26"><span class='ocrx_word' id='word_1_130' title='bbox 143 2427 495 2518; x_wconf 19' lang='lat' dir='ltr'>recipirmtuattribuere</span> <span class='ocrx_word' id='word_1_131' title='bbox 529 2431 693 2510; x_wconf 71' lang='lat' dir='ltr'>absonum,</span> <span class='ocrx_word' id='word_1_132' title='bbox 753 2433 892 2498; x_wconf 85' lang='lat' dir='ltr'>Necesse</span> <span class='ocrx_word' id='word_1_133' title='bbox 922 2442 969 2518; x_wconf 79' lang='lat' dir='ltr'>est</span> <span class='ocrx_word' id='word_1_134' title='bbox 995 2430 1083 2492; x_wconf 84' lang='lat' dir='ltr'>euim</span> <span class='ocrx_word' id='word_1_135' title='bbox 1110 2427 1143 2495; x_wconf 90' lang='lat' dir='ltr'>id</span> 
     </span>
     <span class='ocr_line' id='line_1_18' title="bbox 143 2529 1142 2616; baseline -0.004 -22"><span class='ocrx_word' id='word_1_136' title='bbox 143 2535 229 2616; x_wconf 88' lang='lat' dir='ltr'>quod</span> <span class='ocrx_word' id='word_1_137' title='bbox 250 2530 379 2594; x_wconf 86' lang='lat' dir='ltr'>omniuo</span> <span class='ocrx_word' id='word_1_138' title='bbox 402 2543 449 2592; x_wconf 86' lang='lat' dir='ltr'>est</span> <span class='ocrx_word' id='word_1_139' title='bbox 470 2529 660 2594; x_wconf 85' lang='lat' dir='ltr'>immutabile</span> <span class='ocrx_word' id='word_1_140' title='bbox 683 2537 843 2597; x_wconf 83' lang='lat' dir='ltr'>antecedat</span> <span class='ocrx_word' id='word_1_141' title='bbox 872 2555 939 2601; x_wconf 89' lang='lat' dir='ltr'>rem</span> <span class='ocrx_word' id='word_1_142' title='bbox 972 2531 1142 2616; x_wconf 69' lang='lat' dir='ltr'>utramlibet</span> 
     </span>
     <span class='ocr_line' id='line_1_19' title="bbox 144 2617 1156 2723; baseline 0 -27"><span class='ocrx_word' id='word_1_143' title='bbox 144 2617 333 2709; x_wconf 80' lang='lat' dir='ltr'>mutantem,</span> <span class='ocrx_word' id='word_1_144' title='bbox 370 2645 404 2694; x_wconf 91' lang='lat' dir='ltr'>ut</span> <span class='ocrx_word' id='word_1_145' title='bbox 426 2655 462 2696; x_wconf 88' lang='lat' dir='ltr'>ca</span> <span class='ocrx_word' id='word_1_146' title='bbox 484 2647 604 2700; x_wconf 84' lang='lat' dir='ltr'>mutans</span> <span class='ocrx_word' id='word_1_147' title='bbox 628 2649 761 2721; x_wconf 80' lang='lat' dir='ltr'>maneat.</span> <span class='ocrx_word' id='word_1_148' title='bbox 806 2637 913 2723; x_wconf 79' lang='lat' dir='ltr'>Quare</span> <span class='ocrx_word' id='word_1_149' title='bbox 936 2657 1006 2698; x_wconf 90' lang='lat' dir='ltr'>cum</span> <span class='ocrx_word' id='word_1_150' title='bbox 1027 2635 1081 2696; x_wconf 90' lang='lat' dir='ltr'>Dii</span> <span class='ocrx_word' id='word_1_151' title='bbox 1104 2637 1156 2713; x_wconf 47' lang='lat' dir='ltr'>ad,</span> 
     </span>
     <span class='ocr_line' id='line_1_20' title="bbox 146 2733 1156 2826; baseline -0.002 -26"><span class='ocrx_word' id='word_1_152' title='bbox 146 2736 249 2801; x_wconf 89' lang='lat' dir='ltr'>omnia</span> <span class='ocrx_word' id='word_1_153' title='bbox 268 2733 414 2818; x_wconf 87' lang='lat' dir='ltr'>principii</span> <span class='ocrx_word' id='word_1_154' title='bbox 435 2737 570 2826; x_wconf 82' lang='lat' dir='ltr'>babeant</span> <span class='ocrx_word' id='word_1_155' title='bbox 592 2740 765 2826; x_wconf 79' lang='lat' dir='ltr'>rationem,</span> <span class='ocrx_word' id='word_1_156' title='bbox 803 2761 866 2802; x_wconf 91' lang='lat' dir='ltr'>non</span> <span class='ocrx_word' id='word_1_157' title='bbox 895 2749 1002 2823; x_wconf 86' lang='lat' dir='ltr'>potest</span> <span class='ocrx_word' id='word_1_158' title='bbox 1028 2737 1060 2800; x_wconf 93' lang='lat' dir='ltr'>in</span> <span class='ocrx_word' id='word_1_159' title='bbox 1083 2736 1156 2822; x_wconf 56' lang='lat' dir='ltr'>inis,</span> 
     </span>
     <span class='ocr_line' id='line_1_21' title="bbox 145 2840 1142 2930; baseline -0.002 -28"><span class='ocrx_word' id='word_1_160' title='bbox 145 2851 197 2902; x_wconf 89' lang='lat' dir='ltr'>aut</span> <span class='ocrx_word' id='word_1_161' title='bbox 218 2840 421 2922; x_wconf 85' lang='lat' dir='ltr'>praeteritum</span> <span class='ocrx_word' id='word_1_162' title='bbox 445 2841 578 2930; x_wconf 81' lang='lat' dir='ltr'>cogitari</span> <span class='ocrx_word' id='word_1_163' title='bbox 605 2853 657 2906; x_wconf 86' lang='lat' dir='ltr'>ant</span> <span class='ocrx_word' id='word_1_164' title='bbox 685 2841 854 2922; x_wconf 77' lang='lat' dir='ltr'>lutrurrm3&#39;</span> <span class='ocrx_word' id='word_1_165' title='bbox 882 2843 938 2905; x_wconf 82' lang='lat' dir='ltr'>sed</span> <span class='ocrx_word' id='word_1_166' title='bbox 966 2841 1068 2904; x_wconf 89' lang='lat' dir='ltr'>omnia</span> <span class='ocrx_word' id='word_1_167' title='bbox 1099 2840 1142 2902; x_wconf 87' lang='lat' dir='ltr'>eis</span> 
     </span>
     <span class='ocr_line' id='line_1_22' title="bbox 142 2943 1150 3056; baseline -0.001 -52"><span class='ocrx_word' id='word_1_168' title='bbox 142 2943 173 3006; x_wconf 93' lang='lat' dir='ltr'>iu</span> <span class='ocrx_word' id='word_1_169' title='bbox 197 2965 260 3006; x_wconf 89' lang='lat' dir='ltr'>nno</span> <span class='ocrx_word' id='word_1_170' title='bbox 283 2965 366 3032; x_wconf 81' lang='grc' dir='ltr'>ιιιιιιο</span> <span class='ocrx_word' id='word_1_171' title='bbox 386 2955 542 3056; x_wconf 79' lang='lat' dir='ltr'>perpetuo</span> <span class='ocrx_word' id='word_1_172' title='bbox 565 2957 637 3008; x_wconf 76' lang='lat' dir='ltr'>siunt</span> <span class='ocrx_word' id='word_1_173' title='bbox 659 2945 832 3030; x_wconf 83' lang='lat' dir='ltr'>collocata,</span> <span class='ocrx_word' id='word_1_174' title='bbox 873 2966 943 3007; x_wconf 91' lang='lat' dir='ltr'>cum</span> <span class='ocrx_word' id='word_1_175' title='bbox 966 2955 1150 3029; x_wconf 83' lang='lat' dir='ltr'>temporum</span> 
     </span>
     <span class='ocr_line' id='line_1_23' title="bbox 146 3045 1158 3132; baseline -0.001 -25"><span class='ocrx_word' id='word_1_176' title='bbox 146 3067 290 3108; x_wconf 87' lang='lat' dir='ltr'>mensura</span> <span class='ocrx_word' id='word_1_177' title='bbox 319 3067 380 3108; x_wconf 86' lang='lat' dir='ltr'>una</span> <span class='ocrx_word' id='word_1_178' title='bbox 409 3045 478 3112; x_wconf 81' lang='lat' dir='ltr'>oum</span> <span class='ocrx_word' id='word_1_179' title='bbox 503 3047 652 3112; x_wconf 88' lang='lat' dir='ltr'>Universi</span> <span class='ocrx_word' id='word_1_180' title='bbox 678 3047 769 3110; x_wconf 75' lang='lat' dir='ltr'>binius</span> <span class='ocrx_word' id='word_1_181' title='bbox 800 3048 954 3111; x_wconf 87' lang='lat' dir='ltr'>exstantia</span> <span class='ocrx_word' id='word_1_182' title='bbox 983 3045 1158 3132; x_wconf 48' lang='lat' dir='ltr'>coeperit‚3</span> 
     </span>
     <span class='ocr_line' id='line_1_24' title="bbox 145 3147 1144 3237; baseline -0.004 -25"><span class='ocrx_word' id='word_1_183' title='bbox 145 3149 252 3230; x_wconf 89' lang='lat' dir='ltr'>eisque</span> <span class='ocrx_word' id='word_1_184' title='bbox 268 3148 343 3210; x_wconf 86' lang='lat' dir='ltr'>solis</span> <span class='ocrx_word' id='word_1_185' title='bbox 361 3147 552 3212; x_wconf 85' lang='lat' dir='ltr'>dimetiendis</span> <span class='ocrx_word' id='word_1_186' title='bbox 580 3152 620 3213; x_wconf 89' lang='lat' dir='ltr'>sit</span> <span class='ocrx_word' id='word_1_187' title='bbox 624 3164 714 3237; x_wconf 90' lang='lat' dir='ltr'>apta</span> <span class='ocrx_word' id='word_1_188' title='bbox 729 3173 809 3236; x_wconf 87' lang='lat' dir='ltr'>quae</span> <span class='ocrx_word' id='word_1_189' title='bbox 831 3152 1000 3214; x_wconf 90' lang='lat' dir='ltr'>secundum</span> <span class='ocrx_word' id='word_1_190' title='bbox 1023 3161 1144 3235; x_wconf 87' lang='lat' dir='ltr'>tempus</span> 
     </span>
     <span class='ocr_line' id='line_1_25' title="bbox 147 3247 1160 3339; baseline 0 -27"><span class='ocrx_word' id='word_1_191' title='bbox 147 3272 234 3312; x_wconf 90' lang='lat' dir='ltr'>snam</span> <span class='ocrx_word' id='word_1_192' title='bbox 256 3251 371 3312; x_wconf 90' lang='lat' dir='ltr'>babent</span> <span class='ocrx_word' id='word_1_193' title='bbox 394 3263 446 3316; x_wconf 89' lang='lat' dir='ltr'>ant</span> <span class='ocrx_word' id='word_1_194' title='bbox 468 3253 673 3318; x_wconf 86' lang='lat' dir='ltr'>constantiam</span> <span class='ocrx_word' id='word_1_195' title='bbox 695 3265 748 3317; x_wconf 90' lang='lat' dir='ltr'>ant</span> <span class='ocrx_word' id='word_1_196' title='bbox 772 3253 1001 3339; x_wconf 86' lang='lat' dir='ltr'>operationem.</span> <span class='ocrx_word' id='word_1_197' title='bbox 1039 3249 1145 3330; x_wconf 80' lang='lat' dir='ltr'>·-Qua</span> <span class='ocrx_word' id='word_1_198' title='bbox 1148 3247 1160 3284; x_wconf 66' lang='lat'>·&#39;</span> 
     </span>
     <span class='ocr_line' id='line_1_26' title="bbox 146 3353 1145 3440; baseline 0.003 -28"><span class='ocrx_word' id='word_1_199' title='bbox 146 3364 283 3436; x_wconf 88' lang='lat' dir='ltr'>propter</span> <span class='ocrx_word' id='word_1_200' title='bbox 315 3364 345 3413; x_wconf 87' lang='lat' dir='ltr'>et</span> <span class='ocrx_word' id='word_1_201' title='bbox 374 3355 514 3440; x_wconf 84' lang='lat' dir='ltr'>cognitio</span> <span class='ocrx_word' id='word_1_202' title='bbox 543 3355 763 3435; x_wconf 81' lang='lat' dir='ltr'>coniecturalis</span> <span class='ocrx_word' id='word_1_203' title='bbox 795 3359 892 3440; x_wconf 85' lang='lat' dir='ltr'>longe</span> <span class='ocrx_word' id='word_1_204' title='bbox 921 3376 939 3436; x_wconf 84' lang='lat' dir='ltr'>a</span> <span class='ocrx_word' id='word_1_205' title='bbox 966 3353 1035 3419; x_wconf 89' lang='lat' dir='ltr'>Diis</span> <span class='ocrx_word' id='word_1_206' title='bbox 1064 3354 1145 3416; x_wconf 86' lang='lat' dir='ltr'>rele-</span> 
     </span>
     <span class='ocr_line' id='line_1_27' title="bbox 148 3455 1147 3544; baseline 0.002 -28"><span class='ocrx_word' id='word_1_207' title='bbox 148 3455 272 3540; x_wconf 82' lang='lat' dir='ltr'>ganda,</span> <span class='ocrx_word' id='word_1_208' title='bbox 309 3467 339 3516; x_wconf 86' lang='lat' dir='ltr'>et</span> <span class='ocrx_word' id='word_1_209' title='bbox 369 3459 406 3518; x_wconf 87' lang='lat' dir='ltr'>ad</span> <span class='ocrx_word' id='word_1_210' title='bbox 429 3457 557 3526; x_wconf 84' lang='lat' dir='ltr'>iulimos</span> <span class='ocrx_word' id='word_1_211' title='bbox 587 3459 663 3520; x_wconf 81' lang='lat' dir='ltr'>fines</span> <span class='ocrx_word' id='word_1_212' title='bbox 686 3457 957 3540; x_wconf 39' lang='lat' dir='ltr'>vitaerationalis·</span> <span class='ocrx_word' id='word_1_213' title='bbox 977 3456 1147 3544; x_wconf 74' lang='lat' dir='ltr'>deiicienda</span> 
     </span>
     <span class='ocr_line' id='line_1_28' title="bbox 148 3560 1144 3644; baseline 0 -24"><span class='ocrx_word' id='word_1_214' title='bbox 148 3570 204 3621; x_wconf 87' lang='lat' dir='ltr'>est.</span> <span class='ocrx_word' id='word_1_215' title='bbox 265 3560 309 3622; x_wconf 83' lang='lat' dir='ltr'>Et</span> <span class='ocrx_word' id='word_1_216' title='bbox 331 3562 491 3642; x_wconf 84' lang='lat' dir='ltr'>quomodo</span> <span class='ocrx_word' id='word_1_217' title='bbox 521 3560 618 3644; x_wconf 84' lang='lat' dir='ltr'>igitur·</span> <span class='ocrx_word' id='word_1_218' title='bbox 647 3583 685 3624; x_wconf 90' lang='lat' dir='ltr'>eo</span> <span class='ocrx_word' id='word_1_219' title='bbox 717 3562 875 3626; x_wconf 88' lang='lat' dir='ltr'>veniemus</span> <span class='ocrx_word' id='word_1_220' title='bbox 907 3561 1144 3636; x_wconf 85' lang='lat' dir='ltr'>immodestiae,</span> 
     </span>
     <span class='ocr_line' id='line_1_29' title="bbox 138 3664 1148 3750; baseline 0.003 -28"><span class='ocrx_word' id='word_1_221' title='bbox 138 3673 180 3722; x_wconf 84' lang='lat' dir='ltr'>ut</span> <span class='ocrx_word' id='word_1_222' title='bbox 203 3674 347 3746; x_wconf 87' lang='lat' dir='ltr'>putemus</span> <span class='ocrx_word' id='word_1_223' title='bbox 370 3685 428 3728; x_wconf 84' lang='lat' dir='ltr'>nos</span> <span class='ocrx_word' id='word_1_224' title='bbox 457 3664 521 3726; x_wconf 87' lang='lat' dir='ltr'>cius</span> <span class='ocrx_word' id='word_1_225' title='bbox 552 3664 740 3750; x_wconf 72' lang='lat' dir='ltr'>cognitionis</span> <span class='ocrx_word' id='word_1_226' title='bbox 763 3686 844 3750; x_wconf 82' lang='lat' dir='ltr'>quae</span> <span class='ocrx_word' id='word_1_227' title='bbox 874 3666 956 3746; x_wconf 89' lang='lat' dir='ltr'>apud</span> <span class='ocrx_word' id='word_1_228' title='bbox 980 3665 1067 3730; x_wconf 90' lang='lat' dir='ltr'>Deos</span> <span class='ocrx_word' id='word_1_229' title='bbox 1096 3671 1148 3736; x_wconf 77' lang='lat' dir='ltr'>,est</span> 
     </span>
     <span class='ocr_line' id='line_1_30' title="bbox 148 3764 1149 3852; baseline 0.003 -26"><span class='ocrx_word' id='word_1_230' title='bbox 148 3784 219 3826; x_wconf 88' lang='lat' dir='ltr'>esse.</span> <span class='ocrx_word' id='word_1_231' title='bbox 236 3764 425 3846; x_wconf 82' lang='lat' dir='ltr'>participes,</span> <span class='ocrx_word' id='word_1_232' title='bbox 464 3767 539 3831; x_wconf 87' lang='lat' dir='ltr'>nihil</span> <span class='ocrx_word' id='word_1_233' title='bbox 567 3769 596 3831; x_wconf 88' lang='lat' dir='ltr'>ei</span> <span class='ocrx_word' id='word_1_234' title='bbox 624 3770 761 3832; x_wconf 83' lang='lat' dir='ltr'>valentes</span> <span class='ocrx_word' id='word_1_235' title='bbox 792 3769 932 3832; x_wconf 91' lang='lat' dir='ltr'>tribuere</span> <span class='ocrx_word' id='word_1_236' title='bbox 961 3771 1149 3852; x_wconf 84' lang='lat' dir='ltr'>plusquam</span> 
     </span>
     <span class='ocr_line' id='line_1_31' title="bbox 148 3870 1147 3960; baseline 0.002 -32"><span class='ocrx_word' id='word_1_237' title='bbox 148 3879 296 3942; x_wconf 87' lang='lat' dir='ltr'>nostrae,</span> <span class='ocrx_word' id='word_1_238' title='bbox 325 3889 407 3958; x_wconf 72' lang='lat' dir='ltr'>¹cum</span> <span class='ocrx_word' id='word_1_239' title='bbox 429 3870 563 3960; x_wconf 72' lang='lat' dir='ltr'>stillam</span> <span class='ocrx_word' id='word_1_240' title='bbox 585 3872 714 3936; x_wconf 82' lang='lat' dir='ltr'>iacimus</span> <span class='ocrx_word' id='word_1_241' title='bbox 730 3872 870 3936; x_wconf 76' lang='lat' dir='ltr'>dubiam</span> <span class='ocrx_word' id='word_1_242' title='bbox 893 3883 923 3936; x_wconf 89' lang='lat' dir='ltr'>et</span> <span class='ocrx_word' id='word_1_243' title='bbox 944 3871 1147 3938; x_wconf 81' lang='lat' dir='ltr'>bidelinitam.</span> 
     </span>
    </p>
   </div>
   <div class='ocr_carea' id='block_1_4' title="bbox 0 0 1420 4512">
    <p class='ocr_par' dir='ltr' id='par_1_4' title="bbox 0 0 1420 4512">
     <span class='ocr_line' id='line_1_32' title="bbox 0 0 1420 4512; baseline 0 0"><span class='ocrx_word' id='word_1_244' title='bbox 0 0 1420 4512; x_wconf 95' lang='lat' dir='ltr'> </span> 
     </span>
    </p>
   </div>
  </div>
 </body>
</html>
