2748 4514
1128 233 1197 336 tte

152 455 257 498 unm
281 445 313 498 et
334 438 423 518 quod
443 434 513 498 lieri
533 457 597 499 non
619 436 738 518 possit,
776 441 951 524 negandum
974 452 1043 516 est,
1078 461 1190 524 nempe

133 549 298 634 'cunda
320 537 403 602 Fato
425 537 512 638 fiepi,
536 541 617 602 tmde
640 551 764 602 caetera
784 539 838 605 illa
858 543 1083 625 sequebantur.

593 744 781 810 XXXVII.
852 692 855 701 r

247 843 421 912 Videamus
443 857 546 910 autem
559 859 597 910 ‚et
617 847 749 922 alterum
770 869 887 912 nexum
903 850 1190 937 interrogationum

173 969 276 1032 quem
296 947 439 1024 faciunt,
479 961 510 1011 et
538 971 643 1014 annon
669 954 802 1014 eundem
831 953 949 1016 exitum
973 955 1099 1022 habeat.
1157 957 1191 1020 Is
1222 985 1225 994 ⁴

173 1051 252 1114 tatis
279 1062 348 1113 est:
387 1051 422 1114 Si
451 1072 515 1116 non
544 1053 625 1116 Fato
655 1052 735 1116 fiunt
763 1054 884 1130 omnia,
900 1060 905 1068 “
923 1076 992 1128 non·
1017 1068 1064 1118 est
1085 1051 1192 1120 niundi

181 1151 375 1242 gubernatio
396 1153 486 1244 talis,
525 1177 604 1240 quae
626 1156 792 1237 prohiberi
812 1155 1019 1242 impedirique
1042 1172 1190 1242 nequeat.

67 1283 75 1292 ·
183 1255 283 1336 Quod
304 1256 332 1318 si
349 1258 413 1320 hoc
434 1257 477 1324 ita
498 1259 659 1334 sehabet,
683 1282 747 1324 non
769 1273 816 1323 est
835 1262 987 1338 Mundus,
1012 1261 1040 1324 si
1050 1243 1191 1325 Mundus

184 1377 249 1422 non
272 1371 337 1436 est,
370 1381 429 1440 nec
451 1359 505 1424 Dii
525 1373 609 1424 sunt.
655 1361 689 1424 Si
710 1385 789 1426 vero
811 1363 866 1426 Dii
887 1376 986 1448 sunt,¹
1006 1377 1079 1429 sunt
1099 1364 1190 1428 boni.

185 1460 218 1525 si
237 1461 317 1526 boui
337 1475 428 1539 suut,
467 1477 515 1526 est
537 1464 650 1528 virtus.
703 1466 736 1528 Si
758 1477 806 1528 est
827 1467 951 1544 virtus,
990 1479 1039 1530 est
1059 1479 1091 1529 et
1112 1447 1191 1548 pru-¹

183 1564 296 1628 dentia-
343 1565 378 1627 si
399 1578 447 1628 est
466 1567 651 1648 prudentia,
676 1580 724 1630 est
746 1590 826 1654 ergo
849 1569 991 1653 cognitio
1013 1591 1120 1632 rerum
1141 1571 1190 1634 la-

184 1666 365 1730 ciendarum
387 1660 504 1732 et'rlon
524 1670 750 1734 faciendarum.
795 1671 970 1735 Faciendae
993 1655 1095 1734 autem
1118 1683 1191 1734 sunt

181 1770 340 1847 actiones,
379 1793 459 1856 quae
491 1785 577 1836 recte
606 1794 640 1835 se
667 1775 804 1847 habent;
841 1795 905 1836 non
927 1773 1086 1836 faciendae
1109 1794 1188 1836 vero

179 1894 251 1950 eae,
275 1873 308 1936 in
332 1874 444 1957 quibus
466 1877 635 1957 peccatum'
651 1888 711 1938 est.
756 1875 906 1958 Sequitur
927 1896 1008 1959 ergo
1032 1875 1091 1937 uisi
1106 1876 1188 1937 Fato

179 1977 254 2040 fiant
276 1977 400 2052 omnia,
427 1978 503 2041 nihil
523 1990 611 2041 reete
628 1979 725 2054 fieri,
760 1978 837 2040 nihil
850 1977 996 2059 peccari.
1041 1977 1087 2039 At
1109 2000 1189 2060 quae
1276 1978 1280 1984 “

180 2093 264 2142 recte
286 2081 368 2142 fiunt
388 2081 542 2158 honesta,
567 2094 696 2163 peccata
718 2081 843 2164 turpia:
866 2082 999 2143 honesta
1022 2103 1101 2144 vero
1120 2081 1188 2144 lau-

179 2182 313 2257 dabilia,
336 2183 416 2246 mala
438 2183 670 2268 vituperabilia.
717 2184 867 2266 Sequitur
889 2171 971 2268 ergo
983 2229 992 2259 ‚
1022 2183 1081 2246 nisi
1104 2185 1187 2247 Fato

180 2285 257 2348 liant
279 2306 404 2362 omnia,
434 2287 512 2350 nihil
535 2308 603 2350 esse
625 2290 712 2370 quod
733 2287 773 2350 sit
795 2286 949 2349 laudabile
972 2299 1003 2348 et
1025 2286 1186 2366 vitupera·

177 2387 255 2452 bile.
315 2389 416 2472 Atqui
443 2401 515 2454 sunt
547 2390 739 2453 laudationes
773 2401 804 2451 et
838 2388 1097 2470 vituperationes.
1142 2389 1185 2450 Et

177 2513 258 2574 quae
290 2492 450 2555 laudamus
479 2492 622 2574 praemio
655 2492 822 2564 afficimus3
860 2512 939 2574 quae
971 2491 1185 2572 vituperamus

178 2615 216 2658 ea
236 2595 380 2676 punimus
403 2607 434 2658 et
464 2595 518 2678 qni
545 2596 717 2678 praemium
745 2596 819 2672 dat,
843 2596 968 2655 honore
990 2592 1102 2664 afficit3
1132 2593 1185 2674 qui

177 2697 290 2780 punit,
338 2702 492 2762 emendat.
558 2698 720 2762 Cohaeret
753 2719 833 2782 crgo
863 2693 972 2758 'omnia
1004 2697 1087 2758 Fato
1119 2716 1184 2758 non

178 2801 272 2878 lieri,
310 2814 343 2864 et
370 2803 471 2864 mrllas
501 2823 570 2866 esse
598 2801 786 2864 tributiones
814 2803 973 2884 honorum
996 2811 1026 2860 et
1048 2798 1183 2884 castiga·

176 2905 292 2970 tiones.
336 2906 399 2968 Hic
420 2927 501 2990 ergo
524 2926 629 2968 sermo
652 2908 693 2966 e'x
714 2905 821 2966 eadem
844 2905 1002 2965 desumtus
1024 2903 1184 2984 palaestra

176 3029 235 3090 per
256 3011 365 3070 eadem
388 3031 467 3090 quae
490 3008 645 3081 diximus,
679 3006 753 3068 falsi
775 3006 994 3070 convincetur.
1040 3005 1182 3080 Primum

127 3121 132 3131 ‘
177 3110 258 3176 enim
280 3111 348 3192 quis
370 3111 462 3174 facile
474 3109 670 3174 'concesserit
684 3109 780 3172 illud:
805 3109 875 3172 Nisi
888 3109 971 3172 Fato
987 3109 1063 3170 fiant
1074 3103 1181 3169 omnia

178 3233 244 3279 uon
266 3225 313 3276 est
325 3214 438 3278 Mundi
460 3213 661 3298 gubernatiu,
688 3234 767 3296 quae
789 3211 954 3296 prohiberi
974 3209 1180 3292 impedirique

154 3314 333 3398 [nequeat‘l
354 3317 449 3380 Fiunt
471 3315 552 3378 enim
574 3319 726 3399 quaedam
749 3337 789 3377 ex
803 3314 1003 3388 necessitate,
1029 3314 1179 3396 quaedam

180 3431 298 3482 eventu
330 3420 497 3504 ambiguo,
536 3432 567 3482 et
594 3420 709 3484 horum
738 3421 888 3500 quaedam
920 3437 979 3496 per
1013 3426 1177 3504 naturam,

176 3525 325 3605 quaedam
348 3545 389 3586 ex
411 3523 526 3585 dilectu
547 3535 578 3584 ot
599 3522 739 3596 ratione,
764 3522 915 3603 quaedam
938 3517 1093 3600 appetitus
1109 3540 1178 3580 mo-

175 3625 276 3690 tione:
301 3628 453 3710 quaedam
476 3637 528 3688 aut
549 3611 634 3688 forie
656 3624 784 3686 fortuna
806 3634 859 3686 aut
881 3643 966 3684 casu.
1012 3622 1101 3682 Haec
1123 3643 1177 3682 au-

175 3741 235 3796 lem
264 3730 370 3803 omnia
400 3749 459 3808 per
490 3749 584 3790 unum
618 3728 729 3788 Fatum
761 3727 925 3789 tolluntur.
991 3726 1065 3787 Non
1097 3745 1177 3806 ergo

176 3845 277 3898 manet
310 3832 371 3908 iam
393 3831 508 3894 Mundi
537 3828 724 3914 gubernatio
757 3827 961 3912 improhibita
989 3839 1019 3889 et
1051 3823 1177 3890 minime
