<?xml version="1.0" encoding="UTF-8"?>
<!DOCTYPE html PUBLIC "-//W3C//DTD XHTML 1.0 Transitional//EN"
    "http://www.w3.org/TR/xhtml1/DTD/xhtml1-transitional.dtd">
<html xmlns="http://www.w3.org/1999/xhtml" xml:lang="en" lang="en">
 <head>
  <title>
</title>
<meta http-equiv="Content-Type" content="text/html;charset=utf-8" />
  <meta name='ocr-system' content='tesseract 3.04.00' />
  <meta name='ocr-capabilities' content='ocr_page ocr_carea ocr_par ocr_line ocrx_word'/>
</head>
<body>
  <div class='ocr_page' id='page_1' title='image "./alexandriaprodi00alexgoog_0111.png"; bbox 0 0 2748 4514; ppageno 0'>
   <div class='ocr_carea' id='block_1_1' title="bbox 252 275 298 338">
    <p class='ocr_par' dir='ltr' id='par_1_1' title="bbox 252 275 298 338">
     <span class='ocr_line' id='line_1_1' title="bbox 252 275 298 338; baseline -0.152 1"><span class='ocrx_word' id='word_1_1' title='bbox 252 275 298 338; x_wconf 75' lang='lat'><strong><em>94.</em></strong></span> 
     </span>
    </p>
   </div>
   <div class='ocr_carea' id='block_1_2' title="bbox 243 429 1356 864">
    <p class='ocr_par' dir='ltr' id='par_1_2' title="bbox 243 429 1356 838">
     <span class='ocr_line' id='line_1_2' title="bbox 243 429 1356 560; baseline -0.01 -50"><span class='ocrx_word' id='word_1_2' title='bbox 243 449 306 510; x_wconf 86' lang='grc' dir='ltr'><strong><em>καὶ</em></strong></span> <span class='ocrx_word' id='word_1_3' title='bbox 330 444 358 507; x_wconf 80' lang='grc' dir='ltr'><strong><em>ἐι</em></strong></span> <span class='ocrx_word' id='word_1_4' title='bbox 383 436 468 506; x_wconf 87' lang='grc' dir='ltr'><strong><em>κατά</em></strong></span> <span class='ocrx_word' id='word_1_5' title='bbox 495 433 634 560; x_wconf 80' lang='grc' dir='ltr'><strong><em>τούτους</em></strong></span> <span class='ocrx_word' id='word_1_6' title='bbox 663 435 761 504; x_wconf 85' lang='grc' dir='ltr'><strong><em>τούτο</em></strong></span> <span class='ocrx_word' id='word_1_7' title='bbox 783 429 887 511; x_wconf 81' lang='grc' dir='ltr'><strong><em>ὁύτως</em></strong></span> <span class='ocrx_word' id='word_1_8' title='bbox 904 430 987 521; x_wconf 74' lang='grc' dir='ltr'><strong><em>ἔχει,</em></strong></span> <span class='ocrx_word' id='word_1_9' title='bbox 1024 431 1159 514; x_wconf 83' lang='grc' dir='ltr'><strong><em>δῆλον</em></strong></span> <span class='ocrx_word' id='word_1_10' title='bbox 1143 455 1178 498; x_wconf 82' lang='grc' dir='ltr'><strong><em>εκ</em></strong></span> <span class='ocrx_word' id='word_1_11' title='bbox 1199 432 1260 500; x_wconf 81' lang='grc' dir='ltr'><strong><em>τού</em></strong></span> <span class='ocrx_word' id='word_1_12' title='bbox 1349 445 1356 464; x_wconf 88' lang='grc'><em>·</em></span> 
     </span>
     <span class='ocr_line' id='line_1_3' title="bbox 251 531 1260 658; baseline -0.009 -47"><span class='ocrx_word' id='word_1_13' title='bbox 251 538 460 631; x_wconf 77' lang='grc' dir='ltr'><strong><em>λαβόντας’</em></strong></span> <span class='ocrx_word' id='word_1_14' title='bbox 441 538 580 620; x_wconf 75' lang='grc' dir='ltr'><strong><em>αυτούς,</em></strong></span> <span class='ocrx_word' id='word_1_15' title='bbox 606 533 658 607; x_wconf 83' lang='grc' dir='ltr'><strong><em>ὅτι</em></strong></span> <span class='ocrx_word' id='word_1_16' title='bbox 680 545 711 606; x_wconf 89' lang='grc' dir='ltr'><strong><em>οἱ</em></strong></span> <span class='ocrx_word' id='word_1_17' title='bbox 735 543 816 605; x_wconf 82' lang='grc' dir='ltr'><strong><em>θεολ</em></strong></span> <span class='ocrx_word' id='word_1_18' title='bbox 836 531 1098 657; x_wconf 70' lang='grc' dir='ltr'><strong><em>προγινώσκουσι</em></strong></span> <span class='ocrx_word' id='word_1_19' title='bbox 1123 533 1169 616; x_wconf 87' lang='grc' dir='ltr'><strong><em>τά</em></strong></span> <span class='ocrx_word' id='word_1_20' title='bbox 1181 540 1260 658; x_wconf 66' lang='grc' dir='ltr'><strong><em>μέλὲ</em></strong></span> 
     </span>
     <span class='ocr_line' id='line_1_4' title="bbox 252 625 1260 766; baseline -0.009 -51"><span class='ocrx_word' id='word_1_21' title='bbox 252 653 370 725; x_wconf 88' lang='grc' dir='ltr'><strong><em>λοντα,</em></strong></span> <span class='ocrx_word' id='word_1_22' title='bbox 402 641 483 712; x_wconf 71' lang='grc' dir='ltr'><strong><em>διΗ</em></strong></span> <span class='ocrx_word' id='word_1_23' title='bbox 462 647 566 732; x_wconf 82' lang='grc' dir='ltr'><strong><em>αυτοῦ</em></strong></span> <span class='ocrx_word' id='word_1_24' title='bbox 594 632 857 766; x_wconf 73' lang='grc' dir='ltr'><strong><em>κμτασίιευάζειν</em></strong></span> <span class='ocrx_word' id='word_1_25' title='bbox 870 637 908 706; x_wconf 88' lang='grc' dir='ltr'><strong><em>τὸ</em></strong></span> <span class='ocrx_word' id='word_1_26' title='bbox 937 635 1016 720; x_wconf 80' lang='grc' dir='ltr'><strong><em>ἐξ</em></strong></span> <span class='ocrx_word' id='word_1_27' title='bbox 996 634 1140 726; x_wconf 82' lang='grc' dir='ltr'><strong><em>ανάγκης</em></strong></span> <span class='ocrx_word' id='word_1_28' title='bbox 1172 625 1260 707; x_wconf 82' lang='grc' dir='ltr'><strong><em>ἀντά</em></strong></span> 
     </span>
     <span class='ocr_line' id='line_1_5' title="bbox 249 740 1257 864; baseline -0.01 -45"><span class='ocrx_word' id='word_1_29' title='bbox 249 752 427 838; x_wconf 87' lang='grc' dir='ltr'><strong><em>γίνεσθαι,</em></strong></span> <span class='ocrx_word' id='word_1_30' title='bbox 450 743 493 825; x_wconf 81' lang='grc' dir='ltr'><strong><em>ὡς</em></strong></span> <span class='ocrx_word' id='word_1_31' title='bbox 518 744 577 815; x_wconf 81' lang='grc' dir='ltr'><strong><em>οὐκ</em></strong></span> <span class='ocrx_word' id='word_1_32' title='bbox 598 744 640 815; x_wconf 84' lang='grc' dir='ltr'><strong><em>ἀν</em></strong></span> <span class='ocrx_word' id='word_1_33' title='bbox 657 749 686 814; x_wconf 83' lang='grc' dir='ltr'><strong><em>ἐι</em></strong></span> <span class='ocrx_word' id='word_1_34' title='bbox 706 743 751 834; x_wconf 83' lang='grc' dir='ltr'><strong><em>μὴ</em></strong></span> <span class='ocrx_word' id='word_1_35' title='bbox 773 740 860 812; x_wconf 80' lang='grc' dir='ltr'><strong><em>δότω</em></strong></span> <span class='ocrx_word' id='word_1_36' title='bbox 880 743 1004 864; x_wconf 83' lang='grc' dir='ltr'><strong><em>γίνοιτο</em></strong></span> <span class='ocrx_word' id='word_1_37' title='bbox 1029 746 1257 834; x_wconf 78' lang='grc' dir='ltr'><strong><em>προγνωσομέ</em></strong></span> 
     </span>
    </p>
   </div>
   <div class='ocr_carea' id='block_1_3' title="bbox 151 843 1259 972">
    <p class='ocr_par' dir='ltr' id='par_1_3' title="bbox 151 843 1259 972">
     <span class='ocr_line' id='line_1_6' title="bbox 151 843 1259 972; baseline -0.011 -49"><span class='ocrx_word' id='word_1_38' title='bbox 151 880 152 884; x_wconf 68' lang='grc'>’</span> <span class='ocrx_word' id='word_1_39' title='bbox 250 878 323 922; x_wconf 89' lang='grc' dir='ltr'><strong><em>νων.</em></strong></span> <span class='ocrx_word' id='word_1_40' title='bbox 361 849 412 954; x_wconf 95' lang='grc' dir='ltr'><strong><em>Ει</em></strong></span> <span class='ocrx_word' id='word_1_41' title='bbox 438 855 474 920; x_wconf 79' lang='grc' dir='ltr'><strong><em>δέ</em></strong></span> <span class='ocrx_word' id='word_1_42' title='bbox 498 853 537 947; x_wconf 66' lang='grc' dir='ltr'><strong><em>τι)</em></strong></span> <span class='ocrx_word' id='word_1_43' title='bbox 565 853 629 918; x_wconf 83' lang='grc' dir='ltr'><strong><em>τάν</em></strong></span> <span class='ocrx_word' id='word_1_44' title='bbox 653 852 756 916; x_wconf 82' lang='grc' dir='ltr'><strong><em>θεῶν</em></strong></span> <span class='ocrx_word' id='word_1_45' title='bbox 766 843 947 940; x_wconf 75' lang='grc' dir='ltr'><strong><em>προγνώσει</em></strong></span> <span class='ocrx_word' id='word_1_46' title='bbox 975 871 1009 913; x_wconf 86' lang='grc' dir='ltr'><strong><em>τε</em></strong></span> <span class='ocrx_word' id='word_1_47' title='bbox 1034 852 1089 913; x_wconf 82' lang='grc' dir='ltr'><strong><em>καί</em></strong></span> <span class='ocrx_word' id='word_1_48' title='bbox 1113 869 1259 972; x_wconf 86' lang='grc' dir='ltr'><strong><em>προαγο-Ι</em></strong></span> 
     </span>
    </p>
   </div>
   <div class='ocr_carea' id='block_1_4' title="bbox 198 946 1294 3930">
    <p class='ocr_par' dir='ltr' id='par_1_4' title="bbox 248 946 1261 1872">
     <span class='ocr_line' id='line_1_7' title="bbox 251 946 1260 1078; baseline -0.009 -54"><span class='ocrx_word' id='word_1_49' title='bbox 251 953 358 1078; x_wconf 77' lang='grc' dir='ltr'><strong><em>ρεύσει</em></strong></span> <span class='ocrx_word' id='word_1_50' title='bbox 374 951 420 1022; x_wconf 86' lang='grc' dir='ltr'><strong><em>τὸ</em></strong></span> <span class='ocrx_word' id='word_1_51' title='bbox 440 952 622 1041; x_wconf 80' lang='grc' dir='ltr'><strong><em>ἀναγκαῖον</em></strong></span> <span class='ocrx_word' id='word_1_52' title='bbox 642 956 772 1034; x_wconf 83' lang='grc' dir='ltr'><strong><em>ἕπεται,</em></strong></span> <span class='ocrx_word' id='word_1_53' title='bbox 803 957 859 1019; x_wconf 79' lang='grc' dir='ltr'><strong><em>καί</em></strong></span> <span class='ocrx_word' id='word_1_54' title='bbox 879 975 942 1018; x_wconf 82' lang='grc' dir='ltr'><strong><em>κατ</em></strong></span> <span class='ocrx_word' id='word_1_55' title='bbox 971 946 1093 1028; x_wconf 83' lang='grc' dir='ltr'><strong><em>ἀστούς</em></strong></span> <span class='ocrx_word' id='word_1_56' title='bbox 1115 951 1145 1016; x_wconf 81' lang='grc' dir='ltr'><strong><em>ἐι</em></strong></span> <span class='ocrx_word' id='word_1_57' title='bbox 1161 947 1207 1038; x_wconf 85' lang='grc' dir='ltr'><strong><em>μὴ</em></strong></span> <span class='ocrx_word' id='word_1_58' title='bbox 1224 973 1260 1016; x_wconf 90' lang='grc' dir='ltr'><strong><em>το</em></strong></span> 
     </span>
     <span class='ocr_line' id='line_1_8' title="bbox 249 1049 1260 1146; baseline -0.008 -18"><span class='ocrx_word' id='word_1_59' title='bbox 249 1057 430 1146; x_wconf 85' lang='grc' dir='ltr'><strong><em>ἀναγκαιον</em></strong></span> <span class='ocrx_word' id='word_1_60' title='bbox 459 1062 492 1126; x_wconf 80' lang='grc' dir='ltr'><strong><em>ἐν</em></strong></span> <span class='ocrx_word' id='word_1_61' title='bbox 519 1067 590 1137; x_wconf 82' lang='grc' dir='ltr'><strong><em>τοῖς</em></strong></span> <span class='ocrx_word' id='word_1_62' title='bbox 622 1061 805 1146; x_wconf 81' lang='grc' dir='ltr'><strong><em>γινομένοις</em></strong></span> <span class='ocrx_word' id='word_1_63' title='bbox 830 1055 903 1137; x_wconf 81' lang='grc' dir='ltr'><strong><em>ἐίη</em></strong></span> <span class='ocrx_word' id='word_1_64' title='bbox 889 1103 897 1134; x_wconf 94' lang='grc'><strong><em>,</em></strong></span> <span class='ocrx_word' id='word_1_65' title='bbox 934 1050 993 1120; x_wconf 85' lang='grc' dir='ltr'><strong><em>ούκ</em></strong></span> <span class='ocrx_word' id='word_1_66' title='bbox 1022 1051 1064 1121; x_wconf 83' lang='grc' dir='ltr'><strong><em>ἀν</em></strong></span> <span class='ocrx_word' id='word_1_67' title='bbox 1094 1049 1166 1121; x_wconf 74' lang='grc' dir='ltr'><strong><em>κατ’</em></strong></span> <span class='ocrx_word' id='word_1_68' title='bbox 1203 1049 1260 1120; x_wconf 67' lang='grc' dir='ltr'><strong><em>ἀν</em></strong></span> 
     </span>
     <span class='ocr_line' id='line_1_9' title="bbox 250 1149 1260 1252; baseline -0.006 -22"><span class='ocrx_word' id='word_1_69' title='bbox 250 1161 328 1240; x_wconf 82' lang='grc' dir='ltr'><strong><em>τούς</em></strong></span> <span class='ocrx_word' id='word_1_70' title='bbox 346 1163 374 1244; x_wconf 67' lang='grc'><strong><em>3)</em></strong></span> <span class='ocrx_word' id='word_1_71' title='bbox 397 1166 429 1227; x_wconf 87' lang='grc' dir='ltr'><strong><em>οἱ</em></strong></span> <span class='ocrx_word' id='word_1_72' title='bbox 453 1165 531 1228; x_wconf 79' lang='grc' dir='ltr'><strong><em>θεοὶ</em></strong></span> <span class='ocrx_word' id='word_1_73' title='bbox 555 1155 809 1252; x_wconf 83' lang='grc' dir='ltr'><strong><em>προγινώσκοιεν</em></strong></span> <span class='ocrx_word' id='word_1_74' title='bbox 830 1155 873 1225; x_wconf 88' lang='grc' dir='ltr'><strong><em>τά</em></strong></span> <span class='ocrx_word' id='word_1_75' title='bbox 892 1157 1071 1245; x_wconf 79' lang='grc' dir='ltr'><strong><em>μέλλοντα,</em></strong></span> <span class='ocrx_word' id='word_1_76' title='bbox 1102 1149 1183 1234; x_wconf 84' lang='grc' dir='ltr'><strong><em>ώςτε</em></strong></span> <span class='ocrx_word' id='word_1_77' title='bbox 1206 1162 1260 1224; x_wconf 83' lang='grc' dir='ltr'><strong><em>καλ</em></strong></span> 
     </span>
     <span class='ocr_line' id='line_1_10' title="bbox 251 1255 1260 1353; baseline -0.004 -22"><span class='ocrx_word' id='word_1_78' title='bbox 251 1263 346 1332; x_wconf 81' lang='grc' dir='ltr'><strong><em>ἀστοί</em></strong></span> <span class='ocrx_word' id='word_1_79' title='bbox 360 1261 426 1347; x_wconf 83' lang='grc' dir='ltr'><strong><em>τὴν</em></strong></span> <span class='ocrx_word' id='word_1_80' title='bbox 453 1259 556 1344; x_wconf 80' lang='grc' dir='ltr'><strong><em>ἀυτὴν</em></strong></span> <span class='ocrx_word' id='word_1_81' title='bbox 588 1259 774 1350; x_wconf 75' lang='grc' dir='ltr'><strong><em>ἀδυναμίαν</em></strong></span> <span class='ocrx_word' id='word_1_82' title='bbox 798 1265 868 1340; x_wconf 77' lang='grc' dir='ltr'><strong><em>τοῖς</em></strong></span> <span class='ocrx_word' id='word_1_83' title='bbox 892 1265 997 1339; x_wconf 54' lang='grc' dir='ltr'><strong><em>γθεοῖς</em></strong></span> <span class='ocrx_word' id='word_1_84' title='bbox 1022 1255 1260 1353; x_wconf 83' lang='grc' dir='ltr'><strong><em>’φυλάσσουσιν</em></strong></span> 
     </span>
     <span class='ocr_line' id='line_1_11' title="bbox 250 1360 1261 1458; baseline -0.003 -24"><span class='ocrx_word' id='word_1_85' title='bbox 250 1371 300 1448; x_wconf 82' lang='grc' dir='ltr'><strong><em>(ἐι</em></strong></span> <span class='ocrx_word' id='word_1_86' title='bbox 318 1365 384 1458; x_wconf 90' lang='grc' dir='ltr'><strong><em>γάρ</em></strong></span> <span class='ocrx_word' id='word_1_87' title='bbox 408 1362 477 1433; x_wconf 70' lang='grc' dir='ltr'><strong><em>κατ’</em></strong></span> <span class='ocrx_word' id='word_1_88' title='bbox 498 1361 683 1452; x_wconf 77' lang='grc' dir='ltr'><strong><em>ἀδυναμίαν</em></strong></span> <span class='ocrx_word' id='word_1_89' title='bbox 701 1361 765 1455; x_wconf 83' lang='grc' dir='ltr'><strong><em>χρὴ</em></strong></span> <span class='ocrx_word' id='word_1_90' title='bbox 783 1371 838 1431; x_wconf 88' lang='grc' dir='ltr'><strong><em>καὶ</em></strong></span> <span class='ocrx_word' id='word_1_91' title='bbox 860 1360 1166 1450; x_wconf 78' lang='grc' dir='ltr'><strong><em>ἀσθενείανλέγειν</em></strong></span> <span class='ocrx_word' id='word_1_92' title='bbox 1182 1365 1261 1450; x_wconf 61' lang='lat'>766-</span> 
     </span>
     <span class='ocr_line' id='line_1_12' title="bbox 250 1464 1260 1560; baseline -0.003 -23"><span class='ocrx_word' id='word_1_93' title='bbox 250 1475 341 1537; x_wconf 93' lang='grc' dir='ltr'><strong><em>σθαι</em></strong></span> <span class='ocrx_word' id='word_1_94' title='bbox 373 1465 411 1535; x_wconf 89' lang='grc' dir='ltr'><strong><em>τὸ</em></strong></span> <span class='ocrx_word' id='word_1_95' title='bbox 437 1465 477 1534; x_wconf 87' lang='grc' dir='ltr'><strong><em>τά</em></strong></span> <span class='ocrx_word' id='word_1_96' title='bbox 502 1465 652 1534; x_wconf 87' lang='grc' dir='ltr'><strong><em>ἀδύνατα</em></strong></span> <span class='ocrx_word' id='word_1_97' title='bbox 675 1465 721 1554; x_wconf 81' lang='grc' dir='ltr'><strong><em>μὴ</em></strong></span> <span class='ocrx_word' id='word_1_98' title='bbox 748 1464 937 1549; x_wconf 85' lang='grc' dir='ltr'><strong><em>δύνασθαι)</em></strong></span> <span class='ocrx_word' id='word_1_99' title='bbox 970 1464 1008 1534; x_wconf 86' lang='lat'><strong><em>06</em></strong></span> <span class='ocrx_word' id='word_1_100' title='bbox 1037 1464 1077 1549; x_wconf 76' lang='grc' dir='ltr'><strong><em>δὴ</em></strong></span> <span class='ocrx_word' id='word_1_101' title='bbox 1102 1467 1151 1560; x_wconf 77' lang='grc' dir='ltr'><strong><em>τῷ</em></strong></span> <span class='ocrx_word' id='word_1_102' title='bbox 1178 1469 1260 1560; x_wconf 86' lang='grc' dir='ltr'><strong><em>θείῳ</em></strong></span> 
     </span>
     <span class='ocr_line' id='line_1_13' title="bbox 249 1565 1261 1662; baseline -0.004 -20"><span class='ocrx_word' id='word_1_103' title='bbox 249 1577 347 1642; x_wconf 83' lang='grc' dir='ltr'><strong><em>πλέον</em></strong></span> <span class='ocrx_word' id='word_1_104' title='bbox 372 1596 404 1637; x_wconf 86' lang='grc' dir='ltr'><strong><em>τι</em></strong></span> <span class='ocrx_word' id='word_1_105' title='bbox 431 1566 604 1638; x_wconf 88' lang='grc' dir='ltr'><strong><em>δύνασθαι</em></strong></span> <span class='ocrx_word' id='word_1_106' title='bbox 638 1567 694 1638; x_wconf 85' lang='grc' dir='ltr'><strong><em>διά</em></strong></span> <span class='ocrx_word' id='word_1_107' title='bbox 721 1572 778 1652; x_wconf 79' lang='grc' dir='ltr'><strong><em>τῆς</em></strong></span> <span class='ocrx_word' id='word_1_108' title='bbox 807 1567 1016 1662; x_wconf 75' lang='grc' dir='ltr'><strong><em>προρρήσεως</em></strong></span> <span class='ocrx_word' id='word_1_109' title='bbox 1041 1565 1261 1653; x_wconf 78' lang='grc' dir='ltr'><strong><em>ἀνάπτουσιν,</em></strong></span> 
     </span>
     <span class='ocr_line' id='line_1_14' title="bbox 250 1669 1261 1766; baseline -0.001 -24"><span class='ocrx_word' id='word_1_110' title='bbox 250 1673 337 1744; x_wconf 86' lang='grc' dir='ltr'><strong><em>ἀλλά</em></strong></span> <span class='ocrx_word' id='word_1_111' title='bbox 358 1670 415 1742; x_wconf 87' lang='grc' dir='ltr'><strong><em>διά</em></strong></span> <span class='ocrx_word' id='word_1_112' title='bbox 439 1676 499 1741; x_wconf 84' lang='grc' dir='ltr'><strong><em>τού</em></strong></span> <span class='ocrx_word' id='word_1_113' title='bbox 527 1669 774 1766; x_wconf 75' lang='grc' dir='ltr'><strong><em>προλαμβάνειν</em></strong></span> <span class='ocrx_word' id='word_1_114' title='bbox 790 1677 889 1740; x_wconf 85' lang='grc' dir='ltr'><strong><em>τούτο</em></strong></span> <span class='ocrx_word' id='word_1_115' title='bbox 912 1669 1093 1765; x_wconf 78' lang='grc' dir='ltr'><strong><em>τὴνφύσιν</em></strong></span> <span class='ocrx_word' id='word_1_116' title='bbox 1117 1671 1261 1755; x_wconf 83' lang='grc' dir='ltr'><strong><em>τὴντῶν</em></strong></span> 
     </span>
     <span class='ocr_line' id='line_1_15' title="bbox 248 1772 1260 1872; baseline -0.002 -27"><span class='ocrx_word' id='word_1_117' title='bbox 248 1775 452 1872; x_wconf 78' lang='grc' dir='ltr'><strong><em>πραγμάτων</em></strong></span> <span class='ocrx_word' id='word_1_118' title='bbox 480 1774 637 1860; x_wconf 80' lang='grc' dir='ltr'><strong><em>τοιαύτην</em></strong></span> <span class='ocrx_word' id='word_1_119' title='bbox 675 1773 876 1864; x_wconf 82' lang='grc' dir='ltr'><strong><em>ἐιςάγονσιν</em></strong></span> <span class='ocrx_word' id='word_1_120' title='bbox 895 1774 1046 1866; x_wconf 76' lang='grc' dir='ltr'><strong><em>οὐδαμῶς</em></strong></span> <span class='ocrx_word' id='word_1_121' title='bbox 1080 1772 1260 1846; x_wconf 73' lang='grc' dir='ltr'><strong><em>ἀκόλουθα</em></strong></span> 
     </span>
    </p>

    <p class='ocr_par' dir='ltr' id='par_1_5' title="bbox 198 1873 1294 3930">
     <span class='ocr_line' id='line_1_16' title="bbox 251 1873 1261 1972; baseline -0.002 -22"><span class='ocrx_word' id='word_1_122' title='bbox 251 1889 307 1950; x_wconf 77' lang='grc' dir='ltr'><strong><em>καί</em></strong></span> <span class='ocrx_word' id='word_1_123' title='bbox 327 1878 458 1972; x_wconf 77' lang='grc' dir='ltr'><strong><em>συνῳδὰ</em></strong></span> <span class='ocrx_word' id='word_1_124' title='bbox 483 1873 553 1960; x_wconf 78' lang='grc' dir='ltr'><strong><em>τοῖς</em></strong></span> <span class='ocrx_word' id='word_1_125' title='bbox 581 1886 763 1970; x_wconf 79' lang='grc' dir='ltr'><strong><em>γινομένοις</em></strong></span> <span class='ocrx_word' id='word_1_126' title='bbox 791 1886 905 1948; x_wconf 83' lang='grc' dir='ltr'><strong><em>τεκαὶ</em></strong></span> <span class='ocrx_word' id='word_1_127' title='bbox 931 1883 1080 1969; x_wconf 80' lang='grc' dir='ltr'><strong><em>ἐναργέσι</em></strong></span> <span class='ocrx_word' id='word_1_128' title='bbox 1103 1884 1261 1967; x_wconf 82' lang='grc' dir='ltr'><strong><em>λέγοντες.</em></strong></span> 
     </span>
     <span class='ocr_line' id='line_1_17' title="bbox 256 1979 1262 2078; baseline 0 -26"><span class='ocrx_word' id='word_1_129' title='bbox 256 1982 370 2078; x_wconf 85' lang='grc' dir='ltr'><strong><em>Τούτῳ</em></strong></span> <span class='ocrx_word' id='word_1_130' title='bbox 392 1982 457 2073; x_wconf 87' lang='grc' dir='ltr'><strong><em>γάρ</em></strong></span> <span class='ocrx_word' id='word_1_131' title='bbox 483 1989 742 2076; x_wconf 81' lang='grc' dir='ltr'><strong><em>προςγρωμένοις</em></strong></span> <span class='ocrx_word' id='word_1_132' title='bbox 764 1989 792 2065; x_wconf 83' lang='grc'><strong><em>9)</em></strong></span> <span class='ocrx_word' id='word_1_133' title='bbox 822 1988 950 2052; x_wconf 79' lang='grc' dir='ltr'><strong><em>ἐνέσται</em></strong></span> <span class='ocrx_word' id='word_1_134' title='bbox 977 1979 1086 2051; x_wconf 88' lang='grc' dir='ltr'><strong><em>πάντα</em></strong></span> <span class='ocrx_word' id='word_1_135' title='bbox 1110 1982 1156 2050; x_wconf 83' lang='grc' dir='ltr'><strong><em>τά</em></strong></span> <span class='ocrx_word' id='word_1_136' title='bbox 1185 1980 1262 2052; x_wconf 84' lang='grc' dir='ltr'><strong><em>ἀδύ-</em></strong></span> 
     </span>
     <span class='ocr_line' id='line_1_18' title="bbox 249 2083 1294 2180; baseline -0.004 -26"><span class='ocrx_word' id='word_1_137' title='bbox 249 2113 335 2156; x_wconf 87' lang='grc' dir='ltr'><strong><em>νατα</em></strong></span> <span class='ocrx_word' id='word_1_138' title='bbox 364 2088 544 2167; x_wconf 81' lang='grc' dir='ltr'><strong><em>δεικνύναι,</em></strong></span> <span class='ocrx_word' id='word_1_139' title='bbox 583 2088 629 2180; x_wconf 72' lang='grc' dir='ltr'><strong><em>τῷ</em></strong></span> <span class='ocrx_word' id='word_1_140' title='bbox 657 2083 791 2174; x_wconf 77' lang='grc' dir='ltr'><strong><em>ἐόλογον</em></strong></span> <span class='ocrx_word' id='word_1_141' title='bbox 824 2091 907 2156; x_wconf 84' lang='grc' dir='ltr'><strong><em>έῖναι</em></strong></span> <span class='ocrx_word' id='word_1_142' title='bbox 938 2084 984 2174; x_wconf 83' lang='grc' dir='ltr'><strong><em>μι)</em></strong></span> <span class='ocrx_word' id='word_1_143' title='bbox 1018 2083 1148 2173; x_wconf 82' lang='grc' dir='ltr'><strong><em>ἀγνοεῖν</em></strong></span> <span class='ocrx_word' id='word_1_144' title='bbox 1177 2084 1294 2156; x_wconf 80' lang='grc' dir='ltr'><strong><em>ἀστοί.</em></strong></span> 
     </span>
     <span class='ocr_line' id='line_1_19' title="bbox 251 2185 1262 2280; baseline 0.002 -24"><span class='ocrx_word' id='word_1_145' title='bbox 251 2188 329 2268; x_wconf 80' lang='grc' dir='ltr'><strong><em>τοὺς</em></strong></span> <span class='ocrx_word' id='word_1_146' title='bbox 343 2187 459 2268; x_wconf 78' lang='grc' dir='ltr'><strong><em>θεοὺς,</em></strong></span> <span class='ocrx_word' id='word_1_147' title='bbox 477 2185 618 2256; x_wconf 88' lang='grc' dir='ltr'><strong><em>δύναται</em></strong></span> <span class='ocrx_word' id='word_1_148' title='bbox 631 2185 695 2280; x_wconf 79' lang='grc' dir='ltr'><strong><em>γάρ</em></strong></span> <span class='ocrx_word' id='word_1_149' title='bbox 714 2216 764 2268; x_wconf 83' lang='grc' dir='ltr'><strong><em>τις</em></strong></span> <span class='ocrx_word' id='word_1_150' title='bbox 779 2195 836 2273; x_wconf 71' lang='grc' dir='ltr'><strong><em>9ο),</em></strong></span> <span class='ocrx_word' id='word_1_151' title='bbox 850 2188 960 2278; x_wconf 74' lang='grc' dir='ltr'><strong><em>λαβών</em></strong></span> <span class='ocrx_word' id='word_1_152' title='bbox 982 2187 1020 2256; x_wconf 89' lang='grc' dir='ltr'><strong><em>τό</em></strong></span> <span class='ocrx_word' id='word_1_153' title='bbox 1035 2187 1160 2258; x_wconf 89' lang='grc' dir='ltr'><strong><em>ἀτοπον</em></strong></span> <span class='ocrx_word' id='word_1_154' title='bbox 1180 2193 1262 2258; x_wconf 81' lang='grc' dir='ltr'><strong><em>ἐῖναι</em></strong></span> 
     </span>
     <span class='ocr_line' id='line_1_20' title="bbox 250 2288 1288 2386; baseline 0.001 -26"><span class='ocrx_word' id='word_1_155' title='bbox 250 2291 328 2375; x_wconf 87' lang='grc' dir='ltr'><strong><em>τούς</em></strong></span> <span class='ocrx_word' id='word_1_156' title='bbox 345 2289 451 2370; x_wconf 83' lang='grc' dir='ltr'><strong><em>θεοὺς</em></strong></span> <span class='ocrx_word' id='word_1_157' title='bbox 471 2289 516 2380; x_wconf 80' lang='grc' dir='ltr'><strong><em>μὴ</em></strong></span> <span class='ocrx_word' id='word_1_158' title='bbox 539 2295 658 2360; x_wconf 81' lang='grc' dir='ltr'><strong><em>ἐιδέναι</em></strong></span> <span class='ocrx_word' id='word_1_159' title='bbox 685 2290 723 2360; x_wconf 87' lang='grc' dir='ltr'><strong><em>τὸ</em></strong></span> <span class='ocrx_word' id='word_1_160' title='bbox 746 2291 897 2386; x_wconf 88' lang='grc' dir='ltr'><strong><em>ἀπειρον,</em></strong></span> <span class='ocrx_word' id='word_1_161' title='bbox 930 2288 1041 2360; x_wconf 88' lang='grc' dir='ltr'><strong><em>πόσων</em></strong></span> <span class='ocrx_word' id='word_1_162' title='bbox 1056 2297 1124 2360; x_wconf 83' lang='grc' dir='ltr'><strong><em>ἐστὶ</em></strong></span> <span class='ocrx_word' id='word_1_163' title='bbox 1144 2297 1288 2382; x_wconf 72' lang='grc' dir='ltr'><strong><em>[θέμε-,</em></strong></span> 
     </span>
     <span class='ocr_line' id='line_1_21' title="bbox 248 2392 1262 2489; baseline -0.002 -24"><span class='ocrx_word' id='word_1_164' title='bbox 248 2398 319 2478; x_wconf 86' lang='grc' dir='ltr'><strong><em>νος]</em></strong></span> <span class='ocrx_word' id='word_1_165' title='bbox 341 2400 467 2487; x_wconf 89' lang='grc' dir='ltr'><strong><em>μέτρων</em></strong></span> <span class='ocrx_word' id='word_1_166' title='bbox 489 2397 532 2479; x_wconf 89' lang='lat'><strong><em>¹⁰)</em></strong></span> <span class='ocrx_word' id='word_1_167' title='bbox 554 2398 654 2463; x_wconf 84' lang='grc' dir='ltr'><strong><em>τοῦτο</em></strong></span> <span class='ocrx_word' id='word_1_168' title='bbox 675 2393 940 2489; x_wconf 77' lang='grc' dir='ltr'><strong><em>προςλαμβάνειν</em></strong></span> <span class='ocrx_word' id='word_1_169' title='bbox 962 2392 1000 2464; x_wconf 86' lang='grc' dir='ltr'><strong><em>τὸ</em></strong></span> <span class='ocrx_word' id='word_1_170' title='bbox 1017 2395 1159 2466; x_wconf 87' lang='grc' dir='ltr'><strong><em>δυνατὸν</em></strong></span> <span class='ocrx_word' id='word_1_171' title='bbox 1180 2402 1262 2468; x_wconf 83' lang='grc' dir='ltr'><strong><em>έῐναι</em></strong></span> 
     </span>
     <span class='ocr_line' id='line_1_22' title="bbox 250 2496 1261 2628; baseline -0.001 -61"><span class='ocrx_word' id='word_1_172' title='bbox 250 2496 480 2588; x_wconf 69' lang='grc' dir='ltr'><strong><em>γινώσκεσθαι</em></strong></span> <span class='ocrx_word' id='word_1_173' title='bbox 511 2497 550 2566; x_wconf 86' lang='grc' dir='ltr'><strong><em>τὸ</em></strong></span> <span class='ocrx_word' id='word_1_174' title='bbox 571 2497 715 2628; x_wconf 82' lang='grc' dir='ltr'><strong><em>ἀπειρογ</em></strong></span> <span class='ocrx_word' id='word_1_175' title='bbox 743 2497 855 2568; x_wconf 89' lang='grc' dir='ltr'><strong><em>πόσων</em></strong></span> <span class='ocrx_word' id='word_1_176' title='bbox 881 2502 949 2566; x_wconf 73' lang='grc' dir='ltr'><strong><em>ἐστὶ</em></strong></span> <span class='ocrx_word' id='word_1_177' title='bbox 976 2505 1122 2590; x_wconf 90' lang='grc' dir='ltr'><strong><em>μέτρων,</em></strong></span> <span class='ocrx_word' id='word_1_178' title='bbox 1171 2503 1200 2569; x_wconf 85' lang='grc' dir='ltr'><strong><em>έι</em></strong></span> <span class='ocrx_word' id='word_1_179' title='bbox 1227 2505 1261 2568; x_wconf 79' lang='grc' dir='ltr'><strong><em>δέ</em></strong></span> 
     </span>
     <span class='ocr_line' id='line_1_23' title="bbox 250 2598 1262 2696; baseline 0.003 -27"><span class='ocrx_word' id='word_1_180' title='bbox 250 2605 350 2671; x_wconf 84' lang='grc' dir='ltr'><strong><em>τούτο</em></strong></span> <span class='ocrx_word' id='word_1_181' title='bbox 368 2599 580 2683; x_wconf 86' lang='grc' dir='ltr'><strong><em>δυνατὸν,</em></strong></span> <span class='ocrx_word' id='word_1_182' title='bbox 564 2602 708 2670; x_wconf 77' lang='grc' dir='ltr'><strong><em>εἶναιτὸ</em></strong></span> <span class='ocrx_word' id='word_1_183' title='bbox 729 2602 865 2694; x_wconf 86' lang='grc' dir='ltr'><strong><em>ἀπειρον</em></strong></span> <span class='ocrx_word' id='word_1_184' title='bbox 890 2598 1073 2696; x_wconf 83' lang='grc' dir='ltr'><strong><em>ὡρισμένων</em></strong></span> <span class='ocrx_word' id='word_1_185' title='bbox 1094 2605 1191 2672; x_wconf 80' lang='grc' dir='ltr'><strong><em>τινών</em></strong></span> <span class='ocrx_word' id='word_1_186' title='bbox 1208 2608 1262 2694; x_wconf 77' lang='grc' dir='ltr'><strong><em>μέ·</em></strong></span> 
     </span>
     <span class='ocr_line' id='line_1_24' title="bbox 249 2701 1261 2802; baseline 0.001 -30"><span class='ocrx_word' id='word_1_187' title='bbox 249 2731 335 2797; x_wconf 88' lang='grc' dir='ltr'><strong><em>τρων</em></strong></span> <span class='ocrx_word' id='word_1_188' title='bbox 356 2708 452 2786; x_wconf 87' lang='lat'>¹¹)&#39;</span> <span class='ocrx_word' id='word_1_189' title='bbox 436 2733 464 2772; x_wconf 81' lang='grc' dir='ltr'><strong><em>ει</em></strong></span> <span class='ocrx_word' id='word_1_190' title='bbox 484 2703 549 2798; x_wconf 88' lang='grc' dir='ltr'><strong><em>γάρ</em></strong></span> <span class='ocrx_word' id='word_1_191' title='bbox 567 2702 612 2795; x_wconf 86' lang='grc' dir='ltr'><strong><em>μὴ</em></strong></span> <span class='ocrx_word' id='word_1_192' title='bbox 635 2705 692 2787; x_wconf 79' lang='grc' dir='ltr'><strong><em>ην,</em></strong></span> <span class='ocrx_word' id='word_1_193' title='bbox 725 2701 835 2774; x_wconf 69' lang='grc' dir='ltr'><strong><em>οὐδ”</em></strong></span> <span class='ocrx_word' id='word_1_194' title='bbox 813 2732 854 2773; x_wconf 94' lang='grc' dir='ltr'><strong><em>αν</em></strong></span> <span class='ocrx_word' id='word_1_195' title='bbox 876 2712 908 2773; x_wconf 82' lang='grc' dir='ltr'><strong><em>οἱ</em></strong></span> <span class='ocrx_word' id='word_1_196' title='bbox 934 2712 1013 2774; x_wconf 82' lang='grc' dir='ltr'><strong><em>θεοὶ</em></strong></span> <span class='ocrx_word' id='word_1_197' title='bbox 1037 2705 1201 2802; x_wconf 78' lang='grc' dir='ltr'><strong><em>ᾔδεσαν</em></strong></span> <span class='ocrx_word' id='word_1_198' title='bbox 1180 2704 1261 2776; x_wconf 67' lang='lat' dir='ltr'><strong><em>avr&amp;</em></strong></span> 
     </span>
     <span class='ocr_line' id='line_1_25' title="bbox 249 2804 1262 2930; baseline 0.001 -55"><span class='ocrx_word' id='word_1_199' title='bbox 249 2804 404 2875; x_wconf 86' lang='grc' dir='ltr'><strong><em>πόσων</em></strong></span> <span class='ocrx_word' id='word_1_200' title='bbox 388 2815 456 2875; x_wconf 79' lang='grc' dir='ltr'><strong><em>εστὶ</em></strong></span> <span class='ocrx_word' id='word_1_201' title='bbox 483 2814 626 2930; x_wconf 79' lang='grc' dir='ltr'><strong><em>μέτρῳν.</em></strong></span> <span class='ocrx_word' id='word_1_202' title='bbox 670 2806 858 2877; x_wconf 80' lang='grc' dir='ltr'><strong><em>Επείδὲ</em></strong></span> <span class='ocrx_word' id='word_1_203' title='bbox 805 2819 869 2877; x_wconf 80' lang='grc' dir='ltr'><strong><em>ὲει</em></strong></span> <span class='ocrx_word' id='word_1_204' title='bbox 893 2807 932 2877; x_wconf 90' lang='grc' dir='ltr'><strong><em>τό</em></strong></span> <span class='ocrx_word' id='word_1_205' title='bbox 956 2807 1193 2901; x_wconf 79' lang='grc' dir='ltr'><strong><em>προγινώσκειν</em></strong></span> <span class='ocrx_word' id='word_1_206' title='bbox 1219 2836 1262 2879; x_wconf 87' lang='grc' dir='ltr'><strong><em>τα</em></strong></span> 
     </span>
     <span class='ocr_line' id='line_1_26' title="bbox 249 2907 1262 3031; baseline 0.005 -55"><span class='ocrx_word' id='word_1_207' title='bbox 249 2907 450 3031; x_wconf 79' lang='grc' dir='ltr'><strong><em>μέλλοντά</em></strong></span> <span class='ocrx_word' id='word_1_208' title='bbox 434 2935 519 2992; x_wconf 86' lang='grc' dir='ltr'><strong><em>εστι,</em></strong></span> <span class='ocrx_word' id='word_1_209' title='bbox 549 2911 587 2978; x_wconf 86' lang='grc' dir='ltr'><strong><em>τό</em></strong></span> <span class='ocrx_word' id='word_1_210' title='bbox 610 2907 709 2979; x_wconf 83' lang='grc' dir='ltr'><strong><em>ὁποῖά</em></strong></span> <span class='ocrx_word' id='word_1_211' title='bbox 732 2916 801 2980; x_wconf 79' lang='grc' dir='ltr'><strong><em>ἐστι</em></strong></span> <span class='ocrx_word' id='word_1_212' title='bbox 823 2913 885 2994; x_wconf 88' lang='lat'><strong><em>¹),</em></strong></span> <span class='ocrx_word' id='word_1_213' title='bbox 912 2917 1052 2980; x_wconf 81' lang='grc' dir='ltr'><strong><em>τοιαῦτα</em></strong></span> <span class='ocrx_word' id='word_1_214' title='bbox 1074 2910 1161 2981; x_wconf 86' lang='grc' dir='ltr'><strong><em>ἀυτά</em></strong></span> <span class='ocrx_word' id='word_1_215' title='bbox 1181 2939 1262 3000; x_wconf 89' lang='grc' dir='ltr'><strong><em>γνω-</em></strong></span> 
     </span>
     <span class='ocr_line' id='line_1_27' title="bbox 250 3009 1262 3108; baseline 0.002 -27"><span class='ocrx_word' id='word_1_216' title='bbox 250 3011 395 3105; x_wconf 77' lang='grc' dir='ltr'><strong><em>ρίζειν’</em></strong></span> <span class='ocrx_word' id='word_1_217' title='bbox 383 3009 466 3079; x_wconf 90' lang='grc' dir='ltr'><strong><em>όντα</em></strong></span> <span class='ocrx_word' id='word_1_218' title='bbox 500 3011 603 3094; x_wconf 88' lang='grc' dir='ltr'><strong><em>(ἀλλο</em></strong></span> <span class='ocrx_word' id='word_1_219' title='bbox 631 3013 695 3107; x_wconf 87' lang='grc' dir='ltr'><strong><em>γάρ</em></strong></span> <span class='ocrx_word' id='word_1_220' title='bbox 727 3014 765 3082; x_wconf 88' lang='grc' dir='ltr'><strong><em>τό</em></strong></span> <span class='ocrx_word' id='word_1_221' title='bbox 791 3012 1023 3108; x_wconf 81' lang='grc' dir='ltr'><strong><em>προγινώσκειν</em></strong></span> <span class='ocrx_word' id='word_1_222' title='bbox 1051 3020 1111 3083; x_wconf 85' lang='grc' dir='ltr'><strong><em>τού</em></strong></span> <span class='ocrx_word' id='word_1_223' title='bbox 1136 3021 1262 3096; x_wconf 85' lang='grc' dir='ltr'><strong><em>ποιεῖν)</em></strong></span> 
     </span>
     <span class='ocr_line' id='line_1_28' title="bbox 252 3107 1262 3238; baseline 0.003 -55"><span class='ocrx_word' id='word_1_224' title='bbox 252 3107 402 3198; x_wconf 74' lang='grc' dir='ltr'><strong><em>δῆλον”</em></strong></span> <span class='ocrx_word' id='word_1_225' title='bbox 383 3141 438 3184; x_wconf 91' lang='grc' dir='ltr'><strong><em>οτι</em></strong></span> <span class='ocrx_word' id='word_1_226' title='bbox 475 3114 531 3182; x_wconf 89' lang='grc' dir='ltr'><strong><em>τά</em></strong></span> <span class='ocrx_word' id='word_1_227' title='bbox 551 3115 757 3238; x_wconf 77' lang='grc' dir='ltr'><strong><em>ενδεγόμενα</em></strong></span> <span class='ocrx_word' id='word_1_228' title='bbox 779 3115 1010 3210; x_wconf 85' lang='grc' dir='ltr'><strong><em>προγινώσκων</em></strong></span> <span class='ocrx_word' id='word_1_229' title='bbox 1046 3116 1088 3198; x_wconf 82' lang='grc' dir='ltr'><strong><em>ώς</em></strong></span> <span class='ocrx_word' id='word_1_230' title='bbox 1121 3123 1262 3188; x_wconf 83' lang='grc' dir='ltr'><strong><em>τοιαῦτα</em></strong></span> 
     </span>
     <span class='ocr_line' id='line_1_29' title="bbox 251 3215 1263 3311; baseline 0.003 -24"><span class='ocrx_word' id='word_1_231' title='bbox 251 3215 493 3311; x_wconf 87' lang='grc' dir='ltr'><strong><em>προγνώσεται·</em></strong></span> <span class='ocrx_word' id='word_1_232' title='bbox 530 3215 568 3286; x_wconf 89' lang='lat'><strong><em>06</em></strong></span> <span class='ocrx_word' id='word_1_233' title='bbox 597 3217 661 3311; x_wconf 83' lang='grc' dir='ltr'><strong><em>γάρ</em></strong></span> <span class='ocrx_word' id='word_1_234' title='bbox 693 3217 877 3310; x_wconf 83' lang='grc' dir='ltr'><strong><em>πρόγνωσις</em></strong></span> <span class='ocrx_word' id='word_1_235' title='bbox 908 3220 947 3289; x_wconf 88' lang='grc' dir='ltr'><strong><em>τὸ</em></strong></span> <span class='ocrx_word' id='word_1_236' title='bbox 980 3219 1187 3311; x_wconf 84' lang='grc' dir='ltr'><strong><em>ενδεγόμινον</em></strong></span> <span class='ocrx_word' id='word_1_237' title='bbox 1220 3219 1263 3300; x_wconf 82' lang='grc' dir='ltr'><strong><em>ὡς</em></strong></span> 
     </span>
     <span class='ocr_line' id='line_1_30' title="bbox 253 3319 1264 3414; baseline 0.006 -26"><span class='ocrx_word' id='word_1_238' title='bbox 253 3320 409 3411; x_wconf 81' lang='grc' dir='ltr'><strong><em>ἐσόμενον</em></strong></span> <span class='ocrx_word' id='word_1_239' title='bbox 430 3321 616 3411; x_wconf 83' lang='grc' dir='ltr'><strong><em>ἀναγκαίως</em></strong></span> <span class='ocrx_word' id='word_1_240' title='bbox 638 3323 781 3391; x_wconf 84' lang='grc' dir='ltr'><strong><em>ἔσεσθαι</em></strong></span> <span class='ocrx_word' id='word_1_241' title='bbox 803 3329 931 3414; x_wconf 76' lang='grc' dir='ltr'><strong><em>λέγειν’.</em></strong></span> <span class='ocrx_word' id='word_1_242' title='bbox 960 3319 1036 3404; x_wconf 84' lang='grc' dir='ltr'><strong><em>ώςτε</em></strong></span> <span class='ocrx_word' id='word_1_243' title='bbox 1059 3333 1115 3393; x_wconf 84' lang='grc' dir='ltr'><strong><em>καὶ</em></strong></span> <span class='ocrx_word' id='word_1_244' title='bbox 1137 3332 1169 3393; x_wconf 82' lang='grc' dir='ltr'><strong><em>οἱ</em></strong></span> <span class='ocrx_word' id='word_1_245' title='bbox 1184 3331 1264 3394; x_wconf 82' lang='grc' dir='ltr'><strong><em>θεολ</em></strong></span> 
     </span>
     <span class='ocr_line' id='line_1_31' title="bbox 198 3421 1263 3522; baseline 0.008 -33"><span class='ocrx_word' id='word_1_246' title='bbox 198 3465 201 3474; x_wconf 87' lang='grc'>-</span> <span class='ocrx_word' id='word_1_247' title='bbox 250 3423 296 3490; x_wconf 86' lang='grc' dir='ltr'><strong><em>τά</em></strong></span> <span class='ocrx_word' id='word_1_248' title='bbox 317 3423 551 3516; x_wconf 82' lang='grc' dir='ltr'><strong><em>ἐνδεχόμενα</em></strong></span> <span class='ocrx_word' id='word_1_249' title='bbox 530 3455 573 3506; x_wconf 83' lang='grc' dir='ltr'><strong><em>ως</em></strong></span> <span class='ocrx_word' id='word_1_250' title='bbox 594 3423 835 3515; x_wconf 80' lang='grc' dir='ltr'><strong><em>ένδεγόμενα’</em></strong></span> <span class='ocrx_word' id='word_1_251' title='bbox 813 3453 854 3496; x_wconf 92' lang='grc' dir='ltr'><strong><em>αν</em></strong></span> <span class='ocrx_word' id='word_1_252' title='bbox 883 3426 1189 3522; x_wconf 86' lang='grc' dir='ltr'><strong><em>προγινώσκοιεν,</em></strong></span> <span class='ocrx_word' id='word_1_253' title='bbox 1175 3421 1202 3496; x_wconf 85' lang='grc' dir='ltr'><strong><em>ώ</em></strong></span> <span class='ocrx_word' id='word_1_254' title='bbox 1223 3427 1263 3497; x_wconf 87' lang='grc' dir='ltr'><strong><em>ού</em></strong></span> 
     </span>
     <span class='ocr_line' id='line_1_32' title="bbox 198 3522 1262 3653; baseline 0.007 -61"><span class='ocrx_word' id='word_1_255' title='bbox 198 3563 201 3568; x_wconf 90' lang='grc'><strong>-</strong></span> <span class='ocrx_word' id='word_1_256' title='bbox 251 3522 381 3606; x_wconf 86' lang='grc' dir='ltr'><strong><em>πάντως</em></strong></span> <span class='ocrx_word' id='word_1_257' title='bbox 410 3526 638 3612; x_wconf 75' lang='grc' dir='ltr'><strong><em>ἀκολουθήσει</em></strong></span> <span class='ocrx_word' id='word_1_258' title='bbox 668 3528 706 3598; x_wconf 87' lang='grc' dir='ltr'><strong><em>τὸ</em></strong></span> <span class='ocrx_word' id='word_1_259' title='bbox 740 3527 920 3653; x_wconf 82' lang='grc' dir='ltr'><strong><em>ἀναγκαῖον</em></strong></span> <span class='ocrx_word' id='word_1_260' title='bbox 947 3528 1003 3598; x_wconf 88' lang='grc' dir='ltr'><strong><em>διά</em></strong></span> <span class='ocrx_word' id='word_1_261' title='bbox 1024 3530 1084 3614; x_wconf 83' lang='grc' dir='ltr'><strong><em>τὴν</em></strong></span> <span class='ocrx_word' id='word_1_262' title='bbox 1106 3528 1262 3615; x_wconf 86' lang='grc' dir='ltr'><strong><em>τοιαύτην</em></strong></span> 
     </span>
     <span class='ocr_line' id='line_1_33' title="bbox 251 3626 1261 3756; baseline 0.008 -61"><span class='ocrx_word' id='word_1_263' title='bbox 251 3626 456 3750; x_wconf 87' lang='grc' dir='ltr'><strong><em>πρόγνωσιν·</em></strong></span> <span class='ocrx_word' id='word_1_264' title='bbox 489 3629 575 3700; x_wconf 87' lang='grc' dir='ltr'><strong><em>ὁύτω</em></strong></span> <span class='ocrx_word' id='word_1_265' title='bbox 609 3637 644 3700; x_wconf 80' lang='grc' dir='ltr'><strong><em>δέ</em></strong></span> <span class='ocrx_word' id='word_1_266' title='bbox 669 3641 725 3702; x_wconf 89' lang='grc' dir='ltr'><strong><em>και</em></strong></span> <span class='ocrx_word' id='word_1_267' title='bbox 756 3631 1020 3756; x_wconf 79' lang='grc' dir='ltr'><strong><em>προλεγόντῳν</em></strong></span> <span class='ocrx_word' id='word_1_268' title='bbox 1000 3631 1173 3726; x_wconf 83' lang='grc' dir='ltr'><strong><em>ακούσαεν.</em></strong></span> <span class='ocrx_word' id='word_1_269' title='bbox 1222 3637 1261 3703; x_wconf 78' lang='grc' dir='ltr'><strong><em>(λλ</em></strong></span> 
     </span>
     <span class='ocr_line' id='line_1_34' title="bbox 249 3729 1259 3830; baseline 0.007 -33"><span class='ocrx_word' id='word_1_270' title='bbox 249 3729 315 3823; x_wconf 83' lang='grc' dir='ltr'><strong><em>γάρ</em></strong></span> <span class='ocrx_word' id='word_1_271' title='bbox 343 3731 428 3820; x_wconf 80' lang='grc' dir='ltr'><strong><em>μετά</em></strong></span> <span class='ocrx_word' id='word_1_272' title='bbox 462 3737 522 3801; x_wconf 84' lang='grc' dir='ltr'><strong><em>τού</em></strong></span> <span class='ocrx_word' id='word_1_273' title='bbox 558 3733 792 3824; x_wconf 74' lang='grc' dir='ltr'><strong><em>συμβουλεύσω</em></strong></span> <span class='ocrx_word' id='word_1_274' title='bbox 823 3736 896 3807; x_wconf 86' lang='grc' dir='ltr'><strong><em>τινὰ</em></strong></span> <span class='ocrx_word' id='word_1_275' title='bbox 928 3735 1104 3830; x_wconf 85' lang='grc' dir='ltr'><strong><em>άιρεισθαί</em></strong></span> <span class='ocrx_word' id='word_1_276' title='bbox 1140 3764 1175 3807; x_wconf 83' lang='grc' dir='ltr'><strong><em>τε</em></strong></span> <span class='ocrx_word' id='word_1_277' title='bbox 1204 3747 1259 3806; x_wconf 84' lang='grc' dir='ltr'><strong><em>καλ</em></strong></span> 
     </span>
     <span class='ocr_line' id='line_1_35' title="bbox 252 3830 1263 3930; baseline 0.008 -28"><span class='ocrx_word' id='word_1_278' title='bbox 252 3831 407 3925; x_wconf 79' lang='grc' dir='ltr'><strong><em>πρόπαν</em></strong></span> <span class='ocrx_word' id='word_1_279' title='bbox 439 3830 462 3901; x_wconf 84' lang='lat'><strong><em>6</em></strong></span> <span class='ocrx_word' id='word_1_280' title='bbox 495 3835 581 3926; x_wconf 64' lang='grc' dir='ltr'><strong><em>χρὴ.</em></strong></span> <span class='ocrx_word' id='word_1_281' title='bbox 605 3845 839 3929; x_wconf 81' lang='grc' dir='ltr'><strong><em>προλέγοντες,</em></strong></span> <span class='ocrx_word' id='word_1_282' title='bbox 891 3840 949 3930; x_wconf 80' lang='grc' dir='ltr'><strong><em>οὐχ</em></strong></span> <span class='ocrx_word' id='word_1_283' title='bbox 980 3839 1023 3920; x_wconf 83' lang='grc' dir='ltr'><strong><em>ὡς</em></strong></span> <span class='ocrx_word' id='word_1_284' title='bbox 1056 3843 1089 3924; x_wconf 79' lang='grc' dir='ltr'><strong><em>ἐξ</em></strong></span> <span class='ocrx_word' id='word_1_285' title='bbox 1116 3838 1263 3930; x_wconf 72' lang='grc' dir='ltr'><strong><em>ἀνάγκης</em></strong></span> 
     </span>
    </p>
   </div>
   <div class='ocr_carea' id='block_1_5' title="bbox 0 0 1379 4514">
    <p class='ocr_par' dir='ltr' id='par_1_6' title="bbox 0 0 1379 4514">
     <span class='ocr_line' id='line_1_36' title="bbox 0 0 1379 4514; baseline 0 0"><span class='ocrx_word' id='word_1_286' title='bbox 0 0 1379 4514; x_wconf 95' lang='lat' dir='ltr'><strong><em> </em></strong></span> 
     </span>
    </p>
   </div>
  </div>
 </body>
</html>
