2790 4512
1073 317 1133 428 tie

118 537 210 603 Perit
235 536 340 622 igitur
366 535 445 598 illud
468 534 608 611 sorte‚'
637 534 763 618 quando
789 535 903 599 necin
928 534 1130 618 oppositione

117 641 270 706 metendi·
283 651 315 702 et
333 659 398 702 non
421 638 556 704 metendi
579 639 684 700 locum
702 631 816 714 haliet,
848 639 1128 704 eunialterunum

119 748 236 809 hordm
265 741 447 806 necessario
475 741 516 805 sit
550 737 758 818 eventurum,
798 763 899 825 neque
924 741 956 805 in
979 763 1018 805 eo
1044 745 1130 825 quod

119 867 321 932 consequens
354 858 401 909 est
425 844 536 908 utrivis
564 844 648 927 parti
675 844 769 908 istius·
791 844 956 934 disiuncti3
990 857 1022 908 at
1052 846 1131 910 iliud

117 955 231 1017 sorte
262 959 332 1014 erat
350 951 433 1011 unde
457 948 654 1011 inferebatur
680 946 859 1032 ambiguum
888 959 1038 1025 eventus,
1072 969 1129 1012 au-

119 1058 224 1120 fertur
246 1073 330 1138 ergo
355 1033 386 1114 et
412 1049 490 1113 illud
515 1037 715 1135 ambiguum.¹
756 1050 844 1114 Huie
869 1051 1131 1136 argumentosa-

119 1160 178 1223 eile
201 1157 333 1223 obviam
357 1155 477 1232 ibitur,
508 1153 536 1216 oi
560 1153 718 1246 dieamus:
748 1175 821 1224 cnm
846 1152 1127 1230 torinneium,

116 1263 144 1326 si
167 1273 268 1324 metes
290 1280 355 1323 non
371 1260 459 1323 sorte
485 1269 601 1332 metes,
625 1257 712 1322 sorte
737 1277 802 1322 non
821 1269 939 1333 metes,
964 1257 1129 1342 quomodo
1224 1253 1228 1260 ’

117 1364 226 1428 velitis
252 1382 372 1446 ponere
401 1362 479 1426 illud
496 1357 499 1366 ’
514 1371 657 1438 metes,
696 1371 796 1422 an‘ut
810 1358 1052 1436 'necessarium
1091 1381 1130 1423 an

114 1481 151 1532 ut
164 1479 298 1532 eventus
316 1463 479 1549 ambigui?
509 1465 596 1528 Sint
615 1474 745 1526 eventus
765 1463 922 1549 ambigui,
946 1464 1008 1526 iam
1029 1465 1128 1528 habe-

116 1593 186 1635 mus
210 1571 244 1633 id
263 1571 351 1654 quod
372 1567 574 1650 quaerimus,
599 1567 626 1630 si
650 1588 730 1630 vero
747 1555 788 1629 ut
808 1559 1043 1642 neeessirium,
1068 1566 1130 1629 iam

73 1747 76 1756 ,
116 1676 258 1758 primum
278 1671 312 1736 id
337 1670 430 1734 vobis
456 1670 549 1733 vultis
578 1669 709 1733 concedi
730 1681 767 1730 ut
782 1669 1002 1751 perspicuum,
1042 1671 1130 1753 quod

117 1779 224 1862 ipsum
245 1776 280 1837 in
302 1772 485 1858 quaestione
509 1785 570 1835 est.
615 1773 737 1836 Deinde
760 1771 807 1842 eie
835 1792 947 1834 verum
974 1771 1037 1834 erit
1059 1791 1129 1835 om·

118 1881 197 1944 nino
216 1881 306 1940 hune
325 1889 394 1940 etse
415 1885 610 1951 messurum,
634 1895 737 1957 neque
752 1875 859 1937 loeurn
877 1875 996 1950 habere
1009 1874 1131 1955 poterit,

117 1985 215 2057 illud,
256 1983 344 2064 quod
365 1978 503 2061 abipsie
527 1977 658 2045 dieitur:
697 1988 728 2040 at
753 1991 833 2039 vero
859 1988 913 2038 aut
934 1988 1050 2062 metes,
1074 1971 1130 2040 'am

120 2107 184 2149 non
207 2095 321 2146 metes.
367 2083 539 2164 Quomodo
557 2081 658 2158 enim,
684 2091 754 2143 enm
773 2079 906 2142 aiterum
924 2079 964 2142 sit
982 2099 1127 2142 necessa-1

120 2189 190 2263 rio,
215 2189 349 2250 alterurn
369 2186 410 2248 sit
432 2207 543 2248 eorum
568 2205 648 2268 quae
668 2183 742 2246 'fieri
765 2195 939 2265 nequeant,
970 2183 1060 2245 loeus
1087 2183 1128 2246 sit

120 2291 175 2354 tui
196 2288 378 2353 locutioni?
410 2289 456 2352 At
478 2308 558 2351 vero
577 2297 629 2348 aut
650 2288 714 2348 hoe
735 2285 795 2349 erit
820 2298 873 2347 aut
894 2285 994 2363 istud,v
1023 2285 1071 2352 ita
1092 2298 1127 2352 ut

120 2415 185 2457 non
204 2391 434 2476 procedatiliis
454 2393 541 2474 quod
561 2391 657 2453 modo
680 2389 888 2480 conabantur.
982 2446 987 2456 ,

575 2585 605 2655 §.
632 2579 665 2640 lt.

186 2705 332 2766 Alterinn
362 2717 441 2765 vero
469 2691 686 2786 argumentum
714 2696 747 2762 in
773 2699 867 2761 rebus
894 2706 942 2763 est
965 2700 1124 2781 positum,

120 2817 300 2890 tantamque
321 2806 353 2868 in
379 2825 412 2867 se
440 2804 649 2867 difficultatem
672 2805 788 2878 habet,
814 2815 860 2866 'ut
884 2803 1000 2866 multos
1034 2803 1127 2866 etiam

121 2907 262 2972 eruditos
278 2909 423 2996 co'e'gerit
441 2910 615 2970 concedere
634 2907 837 2983 sententiam,
870 2919 950 2989 qudo
974 2905 1125 2987 aneipiter

121 3023 252 3075 eventus
273 3011 370 3074 tollit.
413 3011 566 3074 Procedit
581 3021 684 3072 antem
704 3031 744 3072 ex
766 3010 820 3072 tali
841 3011 1012 3092 partitione
1023 3023 1037 3071 z·
1056 3009 1123 3084 Dii,

122 3114 222 3189 aiunt,
265 3125 323 3176 aut·
353 3113 478 3178 definite
512 3123 630 3176 norunt
667 3125 797 3175 eventus
828 3113 1027 3195 ancipitium,·
1071 3123 1125 3173 out

120 3218 239 3278 nuliam
261 3216 388 3278 omniuo
408 3219 445 3277 de
463 3215 508 3278 iis·
519 3217 636 3279 h'abent
653 3216 910 3298 perceptionem,
936 3226 989 3277 aut
1007 3215 1124 3276 habent

120 3317 338 3402 cognitionem
361 3317 568 3394 indefinitam,
599 3318 679 3381 sieut
704 3338 777 3381 nos.
828 3319 928 3401 Atqui
953 3319 1039 3381 eredi
1058 3309 1124 3380 nori

120 3424 217 3486 debet
235 3420 386 3504 ignorare
404 3421 519 3504 aliquid
537 3443 642 3484 rerum
660 3422 786 3505 eosqui
808 3423 1126 3502 ennete-producunt

123 3545 160 3588 ae
184 3525 381 3609 gubernant,
423 3524 477 3606 qui
505 3535 622 3586 mentes
650 3535 722 3586 sunt
748 3524 877 3590 omnino
905 3524 1127 3608 impermixtae

120 3647 191 3690 etun
213 3625 362 3700 materia,
393 3639 445 3688 ant
470 3627 593 3708 potius,
625 3626 658 3689 'si
683 3628 875 3716 loquendum
901 3639 950 3688 est
971 3627 1126 3701 emerium

122 3731 176 3814 qui
199 3745 277 3794 uere
299 3749 396 3810 super
416 3727 515 3810 ipsum
537 3730 765 3811 proprietatem
783 3730 1018 3816 intelligentem
1041 3730 1127 3792 exui·

122 3833 265 3896 atentiam
288 3851 376 3894 suam
402 3833 588 3896 collocatam
617 3834 746 3895 habent.
791 3834 904 3917 Neque
934 3833 1015 3896 enim
1042 3823 1129 3896 dioess

120 3955 189 4000 mus
215 3947 269 4002 ant
291 3955 366 4000 earu
381 3935 537 4001 exstitisse
558 3937 638 4002 hane
658 3957 767 4004 rerum
791 3949 935 4001 naturam
960 3945 1053 4018 atque
1074 3955 1130 3997 or·
