2754 4510
257 327 320 394 284

330 463 416 560 dicis
438 490 547 557 Harn.
570 487 744 576 elegantior
772 475 903 564 Vulgata
936 469 979 552 ὥς
1006 466 1174 558 σώζονται
1207 471 1268 540 καὶ
1338 467 1339 470 '

340 593 445 666 ἆντοί.
488 596 561 675 (0.)

278 703 313 785 3)
341 697 385 769 τὸ
406 693 649 787 γινόμενον]
681 693 816 760 Aldinae
838 716 871 760 τε
892 687 1073 781 γινόμενον.
1116 690 1265 759 Vitiose·
1339 717 1340 724 ¹

278 807 313 886 l)
341 798 474 882 τὰδὲ]
509 804 558 867 Ita
580 803 687 865 Havn.
711 800 795 862 Edd.
818 791 901 866 τάὸἰ

279 908 314 988 5)
340 902 449 974 κατὰ
469 901 543 986 τὴν
563 906 582 986 ζ
589 899 690 983 ὠον]
711 900 827 966 Delevi
848 897 912 969 ὑπὸ
933 911 1004 966 ante
1025 894 1112 984 ζῶον
1129 913 1267 968 auctore

348 1009 487 1076 Caselio.
532 1008 605 1089 (O.)

282 1113 316 1195 6)
343 1108 426 1181 ἀλλ’
450 1114 494 1180 ἐκ
515 1113 588 1178 τοῦ
608 1106 659 1199 μὴ
681 1104 904 1179 δύνασθαι
924 1105 970 1176 τὸ
990 1105 1044 1198 μὴ
1071 1107 1266 1204 πεφυκὸς

346 1215 431 1300 ete]
475 1207 585 1279 Locus
607 1213 721 1298 procul
743 1213 839 1279 dubio
861 1226 1048 1298 corruptus,
1077 1215 1169 1279 cuius
1192 1236 1264 1279 sen·

347 1343 416 1384 eum
438 1317 581 1402 equidem
602 1318 757 1381 extricare
778 1338 842 1381 non
863 1317 965 1401 potui.
998 1317 1138 1382 Videtur
1159 1329 1263 1382 tamen

348 1423 392 1486 ita
412 1423 528 1507 legisse
561 1433 592 1484 et
614 1418 786 1505 Bagolinus
809 1422 849 1483 ad
875 1421 1009 1484 verbum
1039 1421 1101 1484 sie¹
1119 1434 1261 1498 vertens,

351 1523 412 1592 sed
431 1547 476 1590 ex
494 1545 534 1588 eo
555 1522 650 1608 qnod
664 1544 732 1586 non
748 1526 856 1604 possit
872 1524 969 1608 quod
985 1544 1053 1587 ιιοη
1070 1535 1195 1588 natum
1219 1534 1264 1590 est

353 1641 417 1696 ete.
443 1623 587 1701 Grotius,
610 1634 646 1686 ut
666 1645 707 1688 ex
728 1623 875 1688 versione
896 1624 961 1687 eius
983 1636 1126 1707 apparet,
1150 1625 1265 1711 legisse

351 1729 476 1794 videtur
497 1724 565 1795 ἀλλ’
590 1729 624 1793 ἐκ
645 1727 704 1793 τοῦ
723 1723 769 1813 μὴ
791 1722 963 1794 δύνασθαι
984 1728 1045 1794 τοῦ
1057 1725 1208 1820 πεφυκὸς
1220 1724 1262 1814 μὴ

351 1835 532 1925 πεφυκέναι
563 1829 630 1911 (vel
657 1832 827 1916 γίνεσθαι)
863 1830 1094 1894 Schulthessius
1115 1843 1262 1895 vertens:

354 1935 497 2000 eundern
517 1935 591 1998 weil
611 1955 644 1998 es
662 1935 752 1997 nach
775 1935 834 1999 der
854 1933 970 1998 Ναιιιν
995 1934 1050 1998 des
1073 1931 1183 2017 Dings
1208 1957 1263 1998 un·

355 2034 509 2117 mdgliclr
532 2043 639 2100 wdre,
659 2031 736 2095 dass
751 2053 784 2096 es
801 2035 895 2096 nieht
911 2037 1087 2117 gesclrede,
1104 2033 1185 2119 legit
1198 2033 1262 2098 sine

354 2134 469 2198 dubio:
493 2129 561 2198 ἀλλ’
586 2135 620 2200 ἐκ
643 2135 701 2198 τοῦ
720 2129 766 2221 μὴ
781 2129 952 2200 δύνασθαι
967 2130 1004 2201 τὸ
1020 2131 1105 2202 ὁύτω
1120 2134 1264 2232 πεφυκὸς

353 2233 399 2324 μὴ
421 2237 586 2322 γίνεσθαι
630 2237 694 2300 Sed
714 2236 785 2302 vide
807 2239 924 2304 Notam
944 2250 1141 2323 sequentem.
1182 2242 1262 2305 Nro.

356 2339 505 2420 8··(0)

297 2438 382 2527 l)‘
360 2471 410 2523 ως
430 2439 661 2526 ἀδύνατον]
684 2446 791 2510 Havn.
815 2457 847 2510 et
867 2445 1000 2511 Aldinae
1023 2447 1172 2512 omittunt
1194 2474 1244 2526 ως.

296 2549 330 2632 8)
358 2553 429 2616 καὶ
457 2545 683 2629 ἀδύνατον]
721 2551 811 2614 Haec
838 2553 937 2614 verba
965 2550 1113 2614 absunt
1104 2573 1137 2613 m
1159 2553 1263 2614 Havn.

360 2653 434 2732 (0.)
467 2654 555 2716 Haec
576 2653 704 2718 omissio
726 2654 806 2717 viam
822 2653 897 2716 mihi
911 2654 1032 2735 aperuit
1046 2665 1149 2718 totum
1163 2655 1263 2719 locum

360 2757 402 2820 ita
424 2758 623 2822 emendandi·
661 2752 729 2824 ἄλλ
759 2758 794 2824 ἐκ
826 2757 882 2822 τοῦ
903 2752 1143 2842 μὴδύνασθαι
1165 2754 1204 2822 τὸ
1223 2754 1265 2842 μὴ

357 2857 502 2950 πεφυκὸς
522 2856 634 2942 ὁύτως,
657 2855 759 2927 όντων
780 2860 841 2927 τῶν
861 2853 1081 2960 περιεστώτων
1096 2855 1264 2940 τοιούτων,

357 2956 401 3040 ὡς
421 2956 624 3030 αδύνατον
604 2965 693 3056 αυτῷ
713 2960 758 3051 μὴ
779 2964 1005 3054 περιεστᾶνοι,
1035 2956 1110 3030 τότε
1131 2962 1266 3044 (iunctim

359 3086 424 3128 non
456 3059 554 3146 τοτε)
571 3059 706 3144 ἄλλως
724 3091 792 3145 ιιως
818 3071 874 3132 καὶ
900 3061 946 3154 μὴ
974 3059 1060 3134 ‹iriew
1080 3067 1267 3150 κινηθῆναι.

356 3167 468 3249 (Casp.
490 3167 608 3246 Orell.)

300 3270 334 3349 ⁹)
361 3263 518 3350 ταύτην
546 3259 710 3337 dicem
739 3270 810 3349 τῆς
840 3262 1042 3349 τοιαύτης
1073 3259 1268 3350 κινήσεως

363 3370 470 3438 κατὰ
493 3367 641 3464 φύσιν]
664 3363 749 3438 κατὰ
770 3372 932 3435 delendum
953 3383 1045 3456 puto.
1068 3372 1141 3454 (0.)
1164 3371 1267 3436 Scribe

365 3467 451 3542 κάτω
474 3477 585 3560 (Oasp.
607 3476 724 3558 Orell.)
747 3474 798 3538 vel
818 3475 923 3558 potius
947 3475 1004 3556 τῆς
1025 3469 1123 3540 κάτω.
1159 3473 1230 3556 (0.)

281 3579 334 3657 lo)
363 3571 412 3655 ὡς
434 3577 474 3659 ἐξ
493 3574 698 3665 ἀνάγκης]
721 3580 829 3642 Havn.
853 3590 884 3641 et
905 3578 1039 3641 Aldinae
1061 3561 1207 3641 omittunt
1221 3571 1268 3654 ὡς.

366 3679 473 3773 Male,
511 3703 581 3746 narn
610 3685 747 3765 pendent
772 3683 851 3746 haec
884 3683 982 3745 verba
1004 3683 1043 3745 ab
1065 3679 1268 3746 antecedenti·

366 3785 444 3848 bus:
468 3780 589 3867 ταύτην
611 3779 636 3858 δ’
661 3786 743 3852 ἑῑνιιι
766 3780 875 3878 φύσιν.
918 3781 991 3864 (Ο.)
