2694 4508
212 328 254 395 οο

210 521 251 566 το
236 493 303 567 δέ
314 494 525 618 ἐνδεχομένως
545 475 679 580 γεγονὸς
695 487 731 558 ἔν
749 509 832 570 τινι,
854 492 910 560 καί
928 486 975 580 μὴ
992 481 1160 610 γεγομέναι
1185 485 1225 553 ἒν

210 596 301 726 ἀντῷ
315 594 422 668 ὁῑύντι
439 584 490 681 ἦν.
523 591 620 663 Ἔστι
632 601 693 682 μέν
708 589 773 684 γὰρ
788 595 928 664 ἕκαστον
946 599 1002 662 καὶ
1019 586 1164 672 τούτων,
1186 590 1226 656 ἒν

210 693 237 798 ᾧ
259 701 297 773 ίίν
319 696 486 790 τυγχάνει,
507 691 594 766 διύτι
615 683 666 779 ἦν
678 689 883 785 ἐνδεχόμενον
904 699 937 765 ἐν
957 689 1131 788 θατέρῳ’
1111 691 1225 761 οιντῶν

210 803 318 874 καὶτὸ
333 801 551 892 ἀντικείμενον
564 803 664 869 ε’ῑναι·
686 799 720 868 ν
734 827 759 866 ω
686 790 835 866 δ
817 823 886 874 εστι
899 803 974 881 νύν,
997 795 1056 867 ούκ
1071 793 1138 880 ἐξ’
1118 791 1224 883 ανιίγ-

210 935 269 992 κης
284 903 394 986 ιίιιλῶς
409 907 526 974 ἐστιν’
510 929 544 973 ιν
556 899 679 996 τούτω,
700 869 805 970 διύ
770 926 831 985 την
849 900 932 1025 πρύς
954 901 997 969 τοί
1016 899 1225 989 ἀντικείμενα

211 1009 371 1100 δύναμιν,
406 1005 493 1078 ἀλλά
512 1004 577 1097 μὴν
598 1001 643 1072 τύι
663 999 767 1086 ὁύτως
788 1002 870 1074 ὄντα
898 1004 932 1073 ἔν
957 1029 1061 1086 τισιν,
1105 999 1144 1072 ού
1167 991 1227 1070 διύι

173 1149 183 1156 ·
211 1111 321 1193 ἀιτίας
338 1109 431 1192 τινύις
443 1110 814 1202 προκαταβεβλημένας,
845 1103 1066 1196 ἐξάνάγκης’
1050 1133 1096 1187 εις
1114 1109 1225 1174 ταύτα

211 1212 377 1306 ἀγούσας,
398 1217 432 1283 ἐν
445 1209 561 1291 ἀετοῖς
575 1214 663 1280 εστιν
673 1214 735 1292 1δ)
757 1203 830 1279 ίύού
847 1213 876 1279 ἐι
895 1207 1006 1280 τιάντα
1021 1206 1142 1300 ὁμοίως
1154 1215 1226 1290 τοῖς

212 1317 461 1406 ἀντικειμένοις,
484 1305 528 1383 ὧν
543 1310 675 1384 δεκτικύι
696 1309 757 1397 ιδ),
789 1315 1002 1404 ἐνδεχομένως
1023 1338 1057 1381 τε
1080 1316 1170 1382 ἐστιν
1191 1315 1227 1381 ἐν

173 1483 178 1504 ,
212 1419 263 1501 δίς
278 1422 367 1502 ἔστι,
387 1413 481 1487 ταδ’
465 1441 529 1485 m
547 1416 636 1484 ἔστιν
650 1410 736 1484 5‘
698 1441 753 1496 οις
767 1412 929 1498 ούτιέοτι,
949 1419 1051 1510 μωρία
1066 1413 1108 1485 ἀν
1122 1418 1170 1500 έίη
1183 1411 1229 1483 τδι

213 1525 423 1612 έτδτχομένως
441 1518 523 1590 ὄντα
545 1543 579 1587 τε
594 1525 650 1586 καί
663 1513 829 1608 γινόμενα.
862 1517 1012 1589 ’Ἁτοιτον
1025 1516 1091 1613 γὰρ
1104 1515 1231 1609 ὁμοίως

212 1621 405 1713 ἐξάνάγκης
418 1627 502 1694 ε’ίναι
521 1626 625 1710 λέγειν
647 1622 681 1691 ἕν
694 1645 761 1692 τινι
776 1617 821 1690 τοί
833 1647 868 1691 τε
882 1629 938 1691 καί
952 1619 1144 1692 ἀνεπίδεκτα
1161 1625 1228 1692 τῶν

213 1729 366 1798 ἐναντίοιν
379 1723 511 1806 τούτοις
525 1727 559 1794 5·
574 1721 624 1805 δίς
641 1727 729 1808 εὀτι,
758 1730 815 1793 καὶ
829 1722 872 1793 τύι
883 1729 985 1816 μηδὲν
998 1728 1127 1816 μᾶλλον
1141 1721 1227 1795 καθ’

214 1827 364 1902 ὁντινοῦν
375 1825 496 1923 χρόνον
510 1825 651 1918 τούτοιν,
673 1824 695 1912 5
709 1827 773 1898 τῶν
787 1831 940 1898 ἐναντίοιν
954 1825 1068 1910 ἀετοῖς
1083 1826 1229 1900 δεκτικά.

208 1930 313 2003 Ἕν
274 1959 339 2026 γαρ
352 1931 398 2000 τύ
414 1929 480 2016 δέ’
460 1927 606 2020 ανύγιιης
621 1927 704 2000 ὄντα
724 1930 808 2012 ¹⁷)”
789 1956 823 1999 εν
840 1955 923 2014 τινι,
955 1927 1147 2002 ἀνεπίδεκτα
1168 1935 1231 2003 τού

215 2038 364 2105 ινοντίοο
385 2033 492 2128 ἀντῷ,
527 2032 570 2102 τύι
594 2030 780 2102 ἐπιδεκτικὰ
806 2036 867 2102 τού
896 2037 1044 2105 ἐναντίον
1055 2088 1065 2121 ,
1111 2033 1173 2108 οὗκ
1197 2035 1233 2121 ἐξ

216 2134 361 2226 ἀνάγκης
381 2133 423 2206 ἀν
444 2127 525 2205 ἐν
498 2163 524 2230 ῳ
546 2138 652 2218 ἐστιν,
674 2136 732 2220 έίη.

243 2695 245 2700 -
282 2651 330 2722 Τὸ
350 2656 386 2722 δὲ
408 2656 512 2741 λέγειν
533 2656 560 2734 ¹)
582 2648 628 2741 μὴ
652 2646 872 2743 ἀναιρεῖσθαι
896 2646 1029 2722 ιιάντων
1049 2657 1231 2744 γινομένων

215 2753 297 2825 καθ’
315 2760 510 2882 ἑιμαρμένην
523 2753 563 2824 τὸ
582 2749 723 2824 δονατύν
739 2780 774 2822 τε
795 2761 851 2823 καὶ
866 2751 1073 2845 ἐνδεχόμενον
1078 2807 1088 2840 ,
1110 2759 1158 2851 τῷ
1172 2759 1230 2826 δν·

214 2855 317 2930 νατὸν
332 2861 426 2946 μέν
410 2864 493 2978 εἰναι
506 2861 668 2984 γενέσθαι
681 2860 797 2940 τούτο,
820 2853 841 2927 5
855 2855 902 2927 ύιι
896 2855 1056 2939 ι’ύδενὸς
1070 2857 1231 2930 κωλύεται

118 3039 120 3044 ,
208 2956 466 3088 .γινε’σιδαι,ύν
485 2959 587 3050 ².)55
600 2964 752 3049 γένηται,
784 2962 849 3028 τῶν
869 2963 904 3028 δὲ
927 2959 1050 3030 καθ’
1034 2969 1233 3076 ιιμαρμένην

214 3067 394 3154 γενομένων
413 3058 453 3130 ού
475 3059 708 3132 κεκώλυται
670 3089 713 3131 τα
731 3059 940 3154 ἀντικείμενα
960 3071 1140 3154 γενέσθαι,
1177 3054 1231 3136 διὸ

214 3169 272 3236 καί
289 3193 343 3236 τοι
362 3163 409 3256 μὴ
430 3162 606 3255 γινόμενα,
628 3159 717 3286 ὅμως
737 3165 949 3236 ἔστιδννατά
966 3169 1097 3238 καὶτοῦ
1113 3166 1160 3258 μὴ
1180 3196 1232 3239 κε-

214 3266 393 3339 κωίύοθαι
403 3265 599 3358 γενέσθαι’
579 3265 675 3350 αντύι,
691 3264 856 3352 ἀπόδειξιν
868 3273 1022 3364 φέρειδ,
1043 3269 1083 3341 τὸ
1094 3267 1175 3360 ἡμῖν
1189 3271 1234 3341 τά

216 3369 424 3498 κμλύοντιι
403 3369 494 3442 αντά
510 3368 666 3460 ἀγνωοτα
683 3374 782 3454 ι’ῑναι,
817 3367 948 3453 τιοίντως
967 3379 1026 3498 μέγ
1041 3399 1116 3444 τινα
1131 3372 1232 3460 ὄντα,

215 3470 240 3544 ἀί
257 3470 322 3568 γάρ
345 3478 433 3545 ἐστιν
454 3471 549 3544 ἀίτια
568 3498 626 3543 τον
611 3476 806 3564 γενέσθαι
826 3472 869 3543 τίι
889 3472 1093 3566 ἀντικείμενα
1115 3473 1232 3559 ἀντοις

166 3619 169 3626 .
216 3573 298 3646 καθ’
324 3577 536 3670 ἑιμοιρμενην,
567 3580 674 3648 ταῦτα
695 3580 829 3648 καὶτοῦ
848 3577 894 3669 μὴ
916 3585 1078 3668 γενέσθαι
1099 3576 1234 3661 τούτοις

216 3676 327 3762 ἀίτια,
348 3681 433 3768 ἐίγε,
455 3675 498 3760 ὥς
512 3689 633 3774 φασίν,
660 3677 827 3752 ἀδύνατον
845 3684 910 3752 τῶν
932 3679 1041 3752 ἀντῶν
1058 3679 1233 3776 περιεστώ-

216 3807 282 3852 των
305 3784 466 3870 γίνεσθαι
486 3781 531 3852 .τά
557 3782 777 3874 ἀντικείμενα,
823 3780 892 3854 ἀλλ’
916 3777 970 3855 δἐι
993 3784 1040 3874 μὴ
1061 3782 1139 3878 ἡμῖν
1155 3789 1232 3855 ε’στι

211 3880 368 3979 γνοίριμοί
381 3911 474 3968 τινα,
495 3879 519 3953 5
537 3889 607 3957 ἐστι
620 3883 667 3972 ⁴),
690 3886 746 3958 διύ
759 3889 861 3960 τούτο
878 3883 1046 3961 ἀκώλυτον
1067 3887 1175 3960 ἀντῶν
1193 3888 1231 3957 τύ
