2718 4506
261 342 325 410 sio

347 508 484 598 Videtur
504 531 545 575 ex
567 510 684 578 Glossa
704 511 743 574 nd
771 529 903 594 sequens
935 511 1097 595 γενέσθαι
1126 507 1263 598 margini

348 615 505 699 adscripta
524 613 557 678 in
577 625 698 677 textum
713 613 895 697 irrepsisse.
940 612 1014 692 (0.)
1049 613 1089 676 In
1110 613 1173 676 fine
1197 611 1262 677 Ca-

346 719 419 803 pitis
442 729 518 802 post
539 739 573 780 v.
590 713 644 784 διὰ
665 717 729 784 τῶν
750 711 1153 808 σχημάτωνειιρρίεηᾶίιια
1174 715 1262 780 vide-

346 835 399 887 tur
419 822 577 908 γίνεσθαι
596 812 748 905 ἐύλογονς
770 819 855 900 (0.)-

594 941 597 948 ’
632 977 633 980 ,
682 944 767 986 σεε.
794 943 842 986 vr.

284 1032 318 1112 1)
347 1034 414 1096 καὶ
434 1018 621 1115 μάλιστα
641 1019 715 1112 οὐχ
735 1016 814 1092 ὅσα
835 1026 954 1090 δοκεῖ
962 1018 1115 1112 κράσει
1128 1017 1262 1095 omuni-

343 1155 425 1198 ,των
445 1124 677 1210 δουλεύειν]
700 1127 838 1192 Videtur
857 1125 1023 1213 legendnm
1045 1133 1102 1194 καὶ
1117 1121 1260 1215 μάλιστα

285 1279 288 1290 ·
348 1228 413 1301 ὅσα
434 1229 473 1300 οὐ
496 1235 586 1300 δοκεῖ
605 1244 668 1296 eto.
712 1229 786 1312 (Ο.)

282 1335 318 1420 2)
346 1332 459 1422 παρὰ
478 1333 590 1403 θεῶν
611 1329 760 1412 ὅντων]
794 1333 864 1398 scil.
887 1333 951 1400 τῶν
972 1326 1129 1424 ἀστέρων.
1170 1332 1240 1416 (0).

283 1439 318 1520 3)
347 1431 618 1524 κακούμενοι]
647 1434 854 1499 scribendum
875 1438 1092 1521 κακουμένων.
1135 1435 1207 1518 (Ο.)

284 1543 318 1622 o)
345 1537 419 1623 τὴν
439 1540 511 1607 τοῦ
532 1541 591 1618 εἰς
620 1533 724 1605 ἇντὰ
754 1529 886 1626 ὥσπερ
914 1533 1141 1629 γράμματα
1168 1540 1259 1624 βλέ-

345 1661 503 1732 ποντας
531 1641 617 1724 etc.]
653 1639 917 1725 Haec-corrupta
938 1655 970 1705 et
990 1643 1031 1705 ab
1052 1642 1259 1707 antecedenti·

346 1749 406 1812 bus
429 1747 599 1811 dirimenda
619 1765 747 1810 censeo.
771 1745 885 1828 Neque
900 1745 992 1821 eninr,
1016 1757 1052 1809 ut
1065 1767 1108 1808 ex
1120 1746 1183 1809 fine
1198 1743 1259 1810 Ca·

346 1848 420 1934 pitis
442 1849 602 1926 videmus,
634 1847 779 1912 concedit
799 1848 852 1910 vel
873 1848 1009 1931 probat,
1043 1849 1100 1914 sed
1119 1848 1267 1932 explodit¹

345 1964 459 2017 auctor
486 1951 718 2036 praedictiones
743 1949 979 2035 Astrologieas.
1025 1950 1133 2032 Quare
1152 1953 1259 2037 legen-

346 2057 423 2120 dum
443 2076 577 2120 censeo:
606 2049 653 2120 Τὸ
675 2055 711 2120 δὲ
733 2052 779 2130 ἐις
800 2047 887 2120 ἆντόι
900 2042 1002 2144 ὥςπερ
1016 2049 1195 2142 γράμματα
1214 2097 1234 2108 -
1246 2096 1263 2111 .

346 2152 579 2244 ἀναγινώσκειν
611 2155 750 2237 (omisso
772 2151 830 2238 τὴν
851 2167 923 2220 ante
945 2150 984 2220 τὸ
1007 2157 1075 2235 δὲ).
1115 2158 1160 2224 Et
1178 2157 1262 2221 hune

346 2279 473 2324 sensum
492 2258 525 2323 in
546 2258 695 2324 versione
716 2259 860 2344 expressi
883 2270 1005 2323 mutans
1026 2258 1260 2345 interpretatio·

346 2383 419 2427 nem
440 2360 562 2430 Grotii.
605 2361 679 2444 (Ο.)

282 2468 317 2548 5)
345 2457 535 2556 ὥσπερέἰ
554 2488 618 2542 τις
638 2464 776 2552 λέγοι]
797 2463 934 2532 Videtur
955 2466 1165 2552 supplendum
1184 2492 1259 2535 ταν-

345 2561 405 2637 τόν
425 2569 515 2637 ἔστιν
535 2557 636 2661 ὥςπερ
659 2567 687 2635 ἕί
707 2594 758 2647 τις
778 2572 880 2656 λέγοι.
922 2567 996 2651 (0.)

678 2692 758 2738 cer.
780 2693 844 2737 vu.

284 2775 319 2859 1)
346 2769 513 2846 Λοιπὸν
532 2775 575 2842 δὲ
596 2769 703 2843 ι’ὃεῑν
724 2769 796 2858 τὴν
817 2775 1147 2858 ἒπιπλέκονσαν]
1183 2775 1259 2862 Sup-

347 2878 496 2961 plendum
517 2872 577 2959 δόξ
618 2929 626 2946 .
668 2876 743 2960 (Ο.)

283 2982 319 3065 2)
346 2974 622 3066 καταλόγους
643 2975 975 3068 σπερματικοὺς]
1010 2984 1060 3048 lta
1082 2981 1209 3048 Fioinus
1229 2984 1258 3047 in

348 3103 454 3170 marg.
476 3095 627 3167 sequente
648 3083 780 3148 Grotio.
823 3084 861 3150 In
882 3095 971 3148 textu
999 3097 1067 3148 erat
1097 3083 1184 3152 κατὰ
1209 3081 1258 3152 λό-

347 3212 427 3275 γους
447 3182 705 3276 γραμματικοὺς,
729 3185 816 3250 nnllo
838 3207 943 3251 sensu.
967 3188 1053 3270 Quid
1072 3188 1101 3253 si
1122 3189 1256 3276 legamus

347 3284 437 3357 κατὰ
457 3282 577 3377 λόγους
596 3285 869 3379 πραγματικούςῖ
903 3291 977 3371 (0.)
1216 3279 1220 3290 '

284 3394 321 3476 3)
347 3395 418 3459 καὶ
449 3392 610 3481 σχέσιν]
646 3393 697 3457 Ita
719 3391 846 3458 Fieinus
877 3392 910 3456 in
933 3393 1075 3480 margine
1095 3415 1159 3480 pro
1179 3393 1258 3464 κατὰ

348 3497 469 3583 σχέσιν.
1325 3481 1326 3485 ¹

284 3601 320 3683 i)
349 3593 439 3666 ἁίτε
465 3591 543 3688 γὰρ
575 3597 811 3690 φαντασίαι
846 3603 935 3677 τοῖς
969 3607 1256 3690 προηγησαμὲ.
1324 3593 1325 3641 i

237 3791 242 3798 .
347 3697 457 3778 νοις]
488 3699 703 3782 Supplendnm
722 3701 868 3780 videtin,
891 3713 926 3764 ut
947 3714 1033 3785 patet
1055 3725 1096 3766 ex
1118 3707 1254 3771 versione
1323 3779 1324 3782 Ἴ

346 3801 472 3880 Grotii,
504 3797 573 3867 ὄιίιε
601 3798 665 3893 γὰρ
689 3806 873 3895 φαντασίαι
894 3811 963 3882 τοῖς
983 3812 1255 3894 προηγησαμένοις

349 3898 470 3980 ἇιτίοις
490 3904 646 3988 γίνονται.
688 3906 762 3986 (0.)
