2694 4508
1069 300 1108 362 tt

184 401 190 434 l

101 467 139 530 a'd
161 487 200 530 ea
218 485 304 550 quac
324 461 404 528 liunt
425 465 590 542 conderet,
615 467 688 550 quia
708 467 829 532 scilieet
853 469 923 534 talis
946 481 995 531 cst
1017 477 1107 531 natu-

101 589 177 646 rae,
215 569 264 632 ita
287 580 319 632 et
346 569 385 636 de
412 567 468 643 iis,
507 589 589 652 quae
615 569 749 634 anobis
772 570 835 635 alio
857 581 1000 653 tempore
1019 571 1108 635 aliter

103 673 195 748 liant,
236 671 350 736 iisdem
380 672 480 734 rebus
506 692 571 735 non
601 672 918 750 circumsistentibus,
956 695 1021 738 non
1050 671 1110 738 alia

102 797 196 840 causa
220 776 403 858 quaerenda
425 785 472 836 est
494 785 621 856 practer
644 775 815 841 bominem.
859 778 934 840 Hoc
960 777 1040 840 enim
1062 786 1110 838 est

103 878 264 944 bominem
290 897 360 940 esse
382 884 513 940 causam-
529 897 597 940 esse
622 890 654 958 et
675 878 864 961 principium
883 901 989 942 aarum
1011 877 1109 942 actio·

104 1003 195 1058 aum,
232 1001 317 1064 quae
342 978 521 1062 peripsum
546 981 693 1047 sdnnmr.
751 981 848 1062 Quod
873 993 975 1046 auitam
998 981 1110 1044 dicitur

101 1084 196 1150 etiam
217 1103 276 1146 eos
299 1081 355 1166 qui
372 1082 549 1146 consultant
578 1081 610 1147 id
640 1085 820 1165 approbare
846 1086 932 1167 quod
955 1083 1031 1165 ipsis
1054 1103 1110 1165 ap·

101 1189 305 1271 probandmn
326 1185 468 1260 videam,
506 1207 545 1248 ac
563 1184 698 1266 proinde
724 1208 779 1250 eos
801 1208 866 1251 non
893 1187 992 1250 minus
1018 1207 1110 1270 qnam

102 1302 235 1356 macra
252 1287 418 1351 animantia
435 1287 505 1369 rapi
528 1288 625 1364 visis,
655 1289 688 1352 id
713 1311 824 1352 vcrmn
844 1302 991 1354 nonest.
1028 1291 1110 1352 Non
1141 1277 1143 1282 ¹

104 1395 187 1459 enim
200 1411 293 1456 omne
308 1393 395 1474 quod
406 1390 568 1474 sequimur
586 1412 627 1454 ex
640 1391 863 1477 imaginatione
881 1393 1024 1457 visorum
1048 1403 1108 1467 est,
1207 1430 1209 1433 -

103 1496 258 1560 mamista
279 1492 465 1578 imaginatio
487 1497 570 1558 num
587 1506 657 1572 est,
682 1507 713 1558 et
735 1497 854 1579 absque
870 1495 994 1560 ratione
1016 1494 1111 1558 abiis

102 1599 280 1674 nascitur,
303 1617 384 1679 quae
410 1596 606 1662 extrinsecus
628 1619 687 1662 nos
702 1598 845 1674 feriunt,
869 1619 934 1662 non
956 1597 1111 1665 dissimilis
1161 1611 1166 1624 ⁸

102 1704 139 1768 iis
155 1722 239 1786 quae
260 1699 404 1764 sensibus
425 1699 668 1781 imprimuntur:
706 1721 744 1764 ac
767 1712 938 1784 propterea
961 1701 992 1764 in
1019 1699 1111 1763 mutis

103 1803 315 1873 animantibus
346 1801 513 1868 maximam
550 1802 613 1865 vim
650 1804 757 1866 habet.
816 1804 977 1885 Quaedam
1009 1814 1112 1865 autem

104 1922 176 1974 sunt
200 1908 264 1972 alia
287 1927 366 1989 qnae
386 1905 479 1968 nobis
509 1903 555 1968 sic
576 1904 738 1982 videntur,
773 1927 964 1988 ¹causamque
990 1927 1046 1988 cur
1068 1904 1113 1970 sic

103 2012 196 2078 nobis
223 2010 373 2074 videntur
397 2011 515 2072 babent
540 2029 581 2071 ex
606 2009 728 2072 ratione
762 2019 815 2072 aut
844 2009 936 2072 etiam
964 2029 1005 2071 ex
1033 2008 1114 2070 mua

105 2114 320 2180 collectione:
364 2133 445 2196 quae
474 2133 567 2192 nemo
596 2124 683 2174 rccte
711 2112 950 2197 imaginationes
985 2111 1112 2174 dixerit.

105 2218 174 2300 Qud
195 2217 341 2280 enim-ob
367 2214 588 2281 collectionem
616 2237 710 2298 quam
736 2219 819 2297 apud
843 2238 877 2280 se
904 2215 1113 2280 consndtando

106 2321 204 2397 lacit,
242 2318 359 2402 atiqdd
380 2319 555 2402 approbat,
592 2316 661 2400 ipss
690 2318 750 2384 sibi
777 2319 843 2384 eius
873 2317 1111 2402 approbationis

106 2433 285 2490 causaest.

562 2527 662 2590 XVI.

192 2633 251 2698 Ab
289 2630 350 2694 illis
396 2630 497 2715 igitur
536 2629 590 2713 qni
630 2629 734 2694 omnia
784 2629 867 2692 Fato
917 2628 1003 2691 aiunt
1045 2627 1116 2692 fieri

107 2757 170 2801 non
197 2733 337 2816 relinqui
366 2731 543 2796 libertatem
577 2732 690 2818 agendi
714 2734 829 2815 (neque
860 2730 940 2795 enim
962 2731 994 2794 id
1021 2731 1116 2796 relin-

109 2851 209 2924 qmmt
229 2839 333 2922 quod·
348 2857 387 2898 an
408 2834 585 2918 relinquant
601 2833 695 2916 ‚inter
726 2855 785 2896 nos
813 2833 1014 2916 disputatur,
1052 2834 1116 2898 imo

111 2941 320 3006 strationem
346 2951 501 3003 conantur
519 2940 651 3002 reddere
673 2955 737 2998 cur·
750 2939 789 3000 ab
814 2937 904 3002 initio
922 2937 955 3000 id
976 2960 1034 3000 nee
1049 2959 1116 3000 esse

109 3041 252 3128 potuerit
273 3063 376 3126 neque
398 3054 451 3104 aut
467 3061 574 3104 veram
590 3062 657 3104 esse
673 3051 725 3103 aut
739 3042 939 3122 probabilem
959 3063 1027 3104 eam
1039 3047 1116 3102 'catt-

110 3169 177 3210 sam
198 3168 295 3230 quam
316 3147 472 3221 reddunt,
509 3165 566 3206 cnr
585 3144 698 3208 tollant
718 3144 809 3208 istam
831 3145 1020 3224 libertatem)
1042 3143 1117 3206 satis

111 3261 243 3333 apparet
264 3271 306 3312 ex
323 3250 473 3312 haetenus
497 3247 599 3310 dictis.
643 3249 815 3310 Praeterea
838 3268 916 3311 vero
940 3247 976 3311 iis
1000 3245 1054 3330 qui
1073 3246 1119 3310 sic

111 3364 198 3416 recte
230 3352 421 3416 intellectam
445 3351 637 3416 lilaertatem‘
655 3352 771 3416 tollunt
800 3363 830 3414 et
857 3352 920 3414 hoc
949 3351 1115 3426 adhaeret,

111 3459 199 3540 quod
225 3453 435 3540 quantumin
463 3453 539 3537 ipsis
568 3467 633 3530 est,
663 3475 804 3519 ,omnem
835 3453 995 3518 bominum
1023 3454 1119 3519 vitam
1147 3537 1149 3544 y

112 3560 308 3624 confundant
325 3568 542 3642 avertantque.
587 3559 668 3620 Nam
686 3558 712 3620 si
733 3558 788 3633 ita,
812 3569 847 3620 ut
863 3558 993 3636 volsmt,
1015 3579 1048 3622 se
1068 3579 1118 3620 res

112 3664 268 3738 babeant,
293 3681 396 3744 neque
419 3681 531 3724 eorum
553 3661 698 3744 cuiquam
720 3661 843 3724 suaderi
861 3674 969 3744 potest
985 3674 1019 3726 ut
1032 3661 1121 3724 aliter

112 3779 185 3852 agat
214 3787 313 3850 quam
340 3762 428 3850 agit,
468 3763 558 3846 qtsasi
590 3766 770 3830 factiltatem
795 3767 925 3830 haberet
951 3777 981 3828 et
1009 3762 1121 3849 agendi

114 3871 171 3935 isra
208 3881 240 3932 et
277 3887 342 3932 non
380 3866 509 3952 agendi3
553 3891 654 3952 neque
692 3866 742 3934 alii
774 3869 928 3952 cuiquam.
976 3870 1121 3946 ssantam
