2754 4510
236 293 299 358 νει
381 253 383 258 ’

220 461 294 544 ’τῆς
315 459 379 531 τῶν
401 459 612 553 Χριστιανῶν
639 455 808 550 ἀτρέστως,
840 449 992 550 ἧςῆμείς
1018 463 1052 528 ολ
1080 461 1242 542 &agam

235 567 352 632 πολλοὶ
376 562 486 647 ὄντες,
523 569 578 633 καὶ
607 566 641 633 ἐν
665 559 843 659 διαφόροις
867 559 1045 654 ἀνέστημεν
1070 565 1241 651 κλίμασιν,

235 669 269 735 ἓν
288 673 385 745 παντὶ
407 667 501 736 ἔθνει
522 671 578 736 καὶ
602 670 751 757 κλίματι,
780 664 814 736 ὁί
838 691 923 747 τινες
942 670 1062 735 πολλοὶ
1082 663 1176 746 ὄντες
1195 669 1241 735 ἕνλ

235 761 374 858 ὀνόματι
397 768 605 861 κεκλήμεθα,
627 777 683 838 καὶ
701 767 775 840 ὑύτε
797 776 830 839 οἱ
848 773 882 839 ἓν
902 773 1053 863 Παρθίᾳ
1075 773 1241 864 Χριστια-

234 879 286 940 νοὶ
306 878 553 964 πολυγαμοὺσι,
574 871 719 966 Πάρθοι
735 871 948 966 ὑπάρχοντες,
971 871 1035 942 οὔτ’
1058 877 1090 942 σί
1108 877 1142 943 ἐν
1163 877 1242 957 Μη-

235 978 293 1068 δίᾳ
314 985 388 1046 κυσὶ
408 975 662 1070 παραβάλλουσι
689 976 768 1058 τούς
788 974 934 1071 νεκρούς·
967 975 1026 1066 οὑχ
1047 981 1078 1045 οἱ
1100 979 1133 1046 ἐν
1150 979 1241 1067 Περ-

236 1081 303 1148 σίδι
334 1085 478 1170 γαμοῦσι
503 1078 564 1162 τάς
594 1087 790 1174 θυγατέρας
816 1078 940 1164 ἀυτῶν,
973 1084 1105 1175 Πέρσαι
1131 1077 1243 1164 ὄντες·

236 1179 276 1252 οὑ
301 1182 393 1276 παρά
420 1181 588 1277 Βάκτροις
614 1191 671 1254 καὶ
694 1182 837 1265 Γάλλους
865 1187 1049 1280 φθείρουσι
1076 1181 1157 1264 τοὺς
1178 1180 1241 1272 γά-

236 1303 338 1374 μους·
372 1283 431 1376 οὑχ
452 1294 484 1355 οἱ
507 1292 540 1356 ἐν
556 1285 723 1382 Ἀιγὺπτῳ
745 1285 972 1381 θρησκεύουσι
994 1286 1053 1356 τὸν
1070 1284 1191 1371 Ἆπιν,
1218 1285 1240 1370 ἢ

236 1388 295 1456 τὸν
316 1384 434 1472 Κύνα,
463 1387 485 1473 ἢ
502 1389 560 1459 τὸν
585 1388 716 1483 Τράγον
737 1389 952 1484 ἢἈίλουρον
970 1389 1030 1474 36)·
1064 1386 1133 1458 ἀλλ’
1155 1383 1240 1460 ὅπου

236 1495 333 1572 εἰσὶν,
356 1488 431 1561 ὀύτε
451 1488 516 1560 ὑπὸ
538 1495 601 1561 τῶν
619 1497 727 1564 κακῶν
744 1500 896 1583 κειμένων
916 1491 1041 1584 νόμον,
1070 1501 1126 1563 καὶ
1148 1497 1241 1562 ἐθῶν

235 1597 410 1678 νικῶνται·
449 1592 508 1684 οὑχ
538 1593 559 1678 ἡ
591 1598 634 1680 ³⁷)
658 1594 722 1667 ὑπὸ
750 1603 812 1668 τῶν
839 1596 947 1691 ἀρχῶν
976 1601 1240 1690 πρυτανενομίυη

234 1703 358 1788 γένεσις
394 1696 515 1780 ἀυτοὺς
550 1696 725 1788 ἀναγκάζει
760 1706 829 1781 τοῖς
866 1697 1093 1794 ἀπειρημένοις
1126 1705 1242 1779 κακοῖς

235 1800 301 1872 ὑπὸ
326 1805 385 1872 τοῦ
408 1800 620 1874 Διδασκάλου
644 1800 753 1874 ἀυτῶν
775 1807 949 1899 χρῆσθαι·
982 1800 1070 1896 νόσῳ
1099 1806 1152 1887 δὲ,
1184 1811 1240 1874 κοιλ

235 1907 349 2000 πενίᾳ,
385 1913 440 1975 καὶ
470 1903 616 1992 πάθεσι,
649 1915 705 1976 καὶ
734 1918 807 1988 ταῖς
837 1911 1064 1997 νομιζομέναις
1091 1904 1242 1997 ἀτιμίαις

236 2004 434 2078 ὑπόκεινται.
467 2003 592 2103 Ὥςπερ
613 2008 677 2102 γάρ
700 2008 718 2079 ὁ
744 2007 921 2104 ἐλεύθερος
941 2006 1032 2098 ἡμῶν
1056 2007 1241 2102 ἀνθρὼπος

237 2108 401 2180 δουλεύειν
421 2109 480 2180 οὑκ
492 2109 725 2199 ἀναγκάζεται,
748 2111 810 2207 κᾷν
830 2110 1050 2209 ἀναγκασθῇ,
1073 2109 1241 2182 ἀνθίστα-

237 2241 295 2283 ται
323 2224 392 2294 τοῑς
426 2212 685 2303 ἀναγκάζουσιν·
730 2213 832 2297 ὁύτως
868 2213 944 2286 οὑδὲ
980 2212 998 2284 ὁ
1041 2213 1243 2310 φαινόμενος

238 2315 328 2408 ἡμῶν
349 2320 467 2420 δοῦλος
487 2315 669 2413 ίίνθρωπος
690 2322 748 2404 τῆς
764 2318 933 2408 ὑποταγῆς
957 2316 1124 2414 ἐκφεύγειν
1147 2321 1242 2412 ῥαδί·

237 2450 282 2502 ως
313 2418 461 2491 δύναται.
521 2418 572 2490 ’Ec
602 2423 666 2518 γάρ
695 2420 805 2492 πάντα
834 2421 1043 2512 ἐδυνάμεθα,
1079 2420 1170 2512 ἡμεῖς
1198 2421 1243 2492 ἂν

237 2513 320 2614 ἦμεν
339 2525 377 2593 τὸ
398 2527 463 2594 πάν
474 2577 483 2607 ,
506 2518 603 2609 ὑίςτε,
625 2530 653 2594 ἐι
673 2531 775 2617 μηδὲν
792 2524 999 2616 ἐδυνάμεθα,
1023 2524 1129 2594 ἀλλων
1146 2514 1239 2614 ἦμεν,

238 2625 476 2721 άςπροείπον,
513 2627 639 2722 ὄργανα
661 2638 717 2698 καὶ
738 2627 797 2720 οὑχ
818 2632 949 2699 ἑαυτῶν.
998 2631 1083 2699 Θεοῦ
1111 2624 1139 2700 ἀ
1170 2632 1242 2699 ἐπι·

236 2729 412 2811 νεύσαντος
447 2728 556 2802 πάντα
587 2730 711 2802 δυνατά
738 2740 794 2803 καὶ
825 2729 1065 2822 ἀνεμπόδιστα·
1108 2736 1147 2830 τῇ
1175 2732 1242 2828 γάρ

238 2837 358 2903 ἐκείνου
379 2831 536 2922 βουλήσει
559 2833 663 2908 ,οὐδὲν
684 2827 880 2922 ἀντιστῆναι
903 2834 1058 2906 δύναται·
1093 2843 1149 2906 καὶ
1174 2836 1241 2931 γάρ

238 2937 280 3006 τά
307 2942 468 3008 δοκοῦντα
492 2938 750 3022 ἀνθίστασθαι,
779 2938 884 3010 άυτού
896 2943 1042 3031 χρηστοῦ
1067 2939 1163 3021 ὄντος
1184 2949 1243 3010 καλ

239 3047 484 3137 συγχωροῦντος
504 3042 623 3140 ἑκάστῃ
645 3040 744 3139 φύσει
766 3045 848 3133 ἔχειν
869 3043 927 3128 τήν
950 3041 1111 3128 ἰδιότητα,
1132 3041 1244 3113 καὶτὸ

239 3146 449 3234 άυτεξούσιον
470 3150 531 3216 τού
551 3144 763 3235 θελήματος,
791 3143 1015 3217 ἀνθίσταται..

307 3255 465 3324 Τοσαῦτα
486 3258 542 3321 καὶ
563 3247 582 3319 ὑ
603 3246 728 3342 Σύρος.
