2790 4512
227 339 287 402 148

205 504 352 592 σκευήν.
406 507 553 576 Τοιαῦτα
579 505 642 574 τῶν
644 503 832 626 ἕνχενίσει
857 507 912 572 καὶ
933 503 1058 598 φθορᾷ
1082 508 1243 590 πλείστα,1

226 609 276 694 ὁῑς
294 608 340 702 μή
358 613 429 680 ἐστι
446 605 595 702 θάτερον
615 612 679 678 τῶν
698 603 925 730 ἀντικειμένων
945 601 1137 725 σύμφυτον
1157 611 1233 678 ἔκα-

225 743 304 787 στου
322 713 386 810 γὰρ
412 711 519 784 ἀυτῶν
540 707 611 783 ὁῐόν
631 738 666 780 τε
684 709 727 778 τὰ
744 707 946 799 ἀντικείμενα
967 705 1104 799 πάσχειν
1120 737 1156 780 τε
1176 719 1234 780 καὶ

223 815 287 911 μή,
309 822 407 888 τοῦτο
427 821 588 911 ἐνδέχεται
607 819 733 885 παθειν
752 812 801 897 ²⁸)
820 839 855 882 τε
877 818 933 882 και
953 809 998 901 μὴ
1018 818 1157 885 παθεῖν.
1190 810 1234 883 ‘0

221 929 259 994 δὲ
288 927 448 1012 ἐνδέχεται
475 915 736 1010 μεταβάλλειν
720 945 767 997 εις
791 911 831 985 τὸ
857 913 1091 1004 ἀντικείμενον,
1134 943 1234 986 τουτο
1268 961 1275 980 .-

224 1025 283 1097 οὐκ
312 1028 399 1096 ἔστιν
430 1021 513 1107 ἐξ
494 1019 654 1110 ανάγκης,
697 1024 730 1090 ἐν
758 1010 785 1113 ᾧ
817 1016 965 1114 φθάσαν
997 1022 1085 1089 ἐστίν
1115 1017 1236 1092 ἀυτῶν.

223 1131 472 1213 Συυίοτησιὲ
437 1132 472 1196 δὲ
498 1124 535 1194 τὸ
557 1124 620 1215 μὴ
631 1120 739 1194 πάντα
767 1120 839 1205 ἐξ’
820 1118 963 1211 ανάχκης
982 1123 1163 1211 γίγνεσθαι
1183 1121 1235 1192 ,τὰ

222 1228 419 1323 γιγνόμενα,
451 1225 490 1297 τό
520 1255 553 1297 τε
576 1224 625 1322 ἐφ
649 1223 742 1353 ἡμῖν,
775 1221 818 1304 ὡς
839 1226 964 1320 ἔφαμεν
975 1277 984 1309 ,
1020 1222 1121 1310 καὶὴ
1153 1223 1233 1317 τάχη

223 1333 317 1418 ἱκανὴ
339 1329 504 1428 διακόψαι
528 1328 589 1413 τὴν
613 1334 779 1418 συνέχειαν
803 1353 867 1398 τιν
889 1331 922 1398 ἐν
938 1326 1026 1411 τάξει
1044 1336 1108 1398 τινί
1129 1332 1234 1418 γίγνε-

222 1445 313 1509 σθαι
341 1432 532 1506 δοκούντων.
571 1427 620 1500 'Et
641 1436 678 1500 δὲ
699 1429 855 1500 οὐδὲνέ
816 1439 876 1520 μὲν
899 1421 999 1514 ἧττον
1023 1434 1156 1526 ἐναργὲς
1176 1435 1235 1516 τῆς

223 1545 416 1634 ίιμαρμένης
435 1534 474 1610 τὸ
496 1537 578 1605 ἐῑναί
599 1561 632 1604 τι
624 1531 702 1656 ἔμ’
725 1531 820 1624 ἡμῖν,
841 1541 897 1603 καί
918 1531 957 1602 τὸ
979 1537 1158 1661 χίχνεσθαι
1178 1543 1234 1605 καί

223 1643 289 1714 άπὸ
307 1639 406 1733 τάχης
417 1635 526 1709 πολλά
542 1645 598 1707 καὶ
614 1635 681 1706 άπὸ
698 1633 918 1727 τᾶυτομάτου,
940 1644 995 1706 καί
1014 1631 1132 1719 ὅλως
1116 1665 1150 1709 εν
1165 1645 1234 1720 τοῖς

223 1753 256 1819 ἕν
275 1751 413 1837 γενέσει,
435 1746 468 1813 ἐν
490 1739 540 1822 ὁῖς
558 1744 699 1810 ἐστικαὶ
722 1769 742 1825 η
765 1744 957 1832 ἑιμαρμένη,
987 1744 1071 1810 ε’ῐναι
1095 1748 1167 1810 καὶ.
1174 1741 1232 1825 τὴν

222 1855 281 1922 τοῦ
298 1851 503 1939 ἐνδεχομένου
525 1841 644 1940 φύσιν,
665 1847 763 1913 τοῦτο
785 1848 821 1912 δὲ
838 1841 970 1932 ἀναιρεῖ
983 1842 1022 1911 τὸ
1040 1843 1231 1933 ιἰναχκαίσν,

222 1951 386 2024 ἀδύνατον
403 1955 488 2020 ἐίναι
509 1945 568 2031 τὴν
588 1949 783 2037 ἕιμαρμὲνην
801 1943 983 2034 ἀναγκαῖόν
1000 1973 1032 2015 τι
1053 1955 1109 2017 καὶ
1123 1975 1232 2042 παρα·

220 2059 378 2148 flamm
396 2051 442 2143 μὴ
462 2047 650 2140 δυνάμενον.
686 2046 793 2116 Ἀλλά
812 2047 878 2138 μὴν
895 2045 1105 2138 ὁμολογεῖται
1123 2050 1231 2122 πάντα

221 2158 264 2228 τά
288 2155 368 2227 καθ’
403 2148 796 2246 ἑιμαρμὲνηνχιχνόμενα
825 2150 912 2221 κατὰ
942 2151 1035 2237 τάξιν
1065 2161 1122 2224 καί
1154 2152 1232 2224 ἄκο-

222 2261 368 2381 λσυθίμν
387 2257 565 2347 γίγνεσθαί
581 2281 672 2338 τινα,
695 2257 750 2324 καί
770 2272 803 2325 τι
823 2257 977 2351 εφεξῆς”
959 2283 1041 2347 εχειν
1061 2260 1094 2327 ἐν
1108 2255 1232 2339 άυτοῖς.

224 2363 270 2436 Οὐ
297 2360 361 2457 γὰρ
386 2359 426 2446 δίη
448 2365 516 2440 τοῖς
545 2356 611 2428 άπὸ
633 2356 731 2448 τύχης
752 2351 852 2448 ὅμοια
874 2359 917 2426 τὰ
937 2363 996 2443 τῆς
1018 2363 1230 2456 ἕιμαρμένης·

222 2471 326 2537 ἐκεῖνα
348 2474 407 2555 μὲν
431 2461 497 2589 χείρ
522 2457 653 2532 ίίστατά
673 2487 708 2529 τε
729 2468 784 2530 καί
809 2465 952 2543 σπανίως
975 2461 1150 2555 γιγνόμενα
1172 2472 1231 2534 καί

222 2567 380 2696 σχεδὸν
361 2570 511 2650 αναίτια,
547 2563 586 2634 τὸ
614 2569 648 2634 δι
674 2561 798 2633 καθ’“
783 2570 978 2693 ειμαρμενην
1004 2571 1071 2635 πᾶν
1093 2565 1230 2639 τὸυναν-

222 2677 308 2744 τίον
345 2668 456 2766 εἰρμὸν
486 2673 566 2759 χοῦν
594 2665 708 2737 ιἰιτίων
733 2675 836 2761 φασὶν
864 2666 968 2752 ἀυτὴν
993 2673 1086 2741 ἐινυιι.
1137 2668 1228 2742 Ἀλλ’

223 2774 299 2846 οὐδὲ
324 2778 369 2869 τῷ
390 2771 477 2842 κατά
503 2773 694 2865 προαίρεσιν
713 2770 762 2854 ²⁹)
789 2768 910 2841 τάυτὸν
935 2769 955 2856 ἡ
977 2775 1155 2868 ίιμαρμένη
1176 2780 1231 2844 ‹50-

224 2885 276 2949 κεῖ
289 2845 387 2947 ε’ῐνάι·
416 2873 663 2946 διακόπτεσθαι
683 2873 747 2968 γάρ
774 2879 819 2959 ³⁰)
841 2873 880 2942 τὸ
899 2886 1028 2966 συνεχὲς
1051 2875 1155 2961 άυτῆς
1175 2876 1229 2974 ὑφ’

223 2980 313 3075 ἡμῶν
334 2986 390 3051 καὶ
411 2982 473 3062 τῆς
497 2976 655 3072 ἡμετέρας
678 2982 899 3070 προαιρέσεως
919 2976 1088 3061 πολλάκις.
1126 2978 1231 3051 Ἀλλά

223 3085 289 3178 μὴν
310 3087 343 3155 ἐν
367 3087 437 3162 τοῖς
464 3091 611 3202 χενητοῐς
636 3107 669 3148 τε
694 3087 749 3148 καὶ
777 3087 952 3174 φθαρτοῖς
973 3086 1080 3152 ταῦτα
1109 3080 1233 3178 ὁρῶμεν

224 3187 316 3260 ἆίτια
340 3183 435 3280 παρὰ
452 3182 511 3269 τὴν
533 3185 736 3252 συνιστάνον
761 3186 804 3265 ⁵¹)
834 3181 936 3278 φύσιν
955 3182 1042 3254 ἇυτά
1063 3194 1119 3256 καί
1141 3192 1234 3280 δημι-

225 3294 411 3387 ουρχοῢσαν
433 3288 622 3382 προαίρεσίν
653 3311 687 3354 τε
715 3284 834 3354 καὶτὸ
867 3284 1056 3378 ἆυτόματον
1089 3297 1145 3360 καί
1176 3287 1235 3374 τὴν

225 3394 340 3485 τύχην·
370 3392 408 3463 05
434 3392 498 3486 γὰρ
527 3395 560 3460 ἐν
583 3384 713 3468 τούτοις
734 3385 772 3455 τὸ
794 3386 880 3457 κατὰ
903 3395 1031 3480 τέχνην,
1064 3383 1108 3462 ὧν
1128 3391 1234 3464 οὐδενί

223 3599 283 3684 τὴν
301 3603 496 3692 ἑιμαρμένην
517 3600 618 3687 μηδὲν
584 3593 767 3664 ὲίίλλσ”
746 3624 767 3678 η
791 3621 851 3679 την
877 3593 1000 3668 ὀικείαν
1025 3594 1127 3692 φύσιν
1149 3626 1233 3670 ειναι

224 3699 374 3772 ἑκάστου.
432 3700 478 3770 05
507 3699 571 3793 γὰρ
600 3696 685 3782 δὴ
669 3723 702 3767 εν
728 3719 772 3791 τῳ
801 3697 958 3768 καθόλου
981 3708 1040 3770 καὶ
1069 3705 1167 3798 κοινῷ
1195 3699 1233 3774 τὸ

224 3835 283 3893 της
303 3808 506 3932 ίιμαρμενης
509 3855 518 3886 ,
551 3801 622 3871 ὁῖον
644 3798 754 3881 ἁπλῶς
779 3797 884 3884 ζώων,
921 3798 1127 3895 ἀνθρώπων,
1161 3803 1232 3876 ἀλλ’

224 3918 258 3985 ἐν
283 3916 352 3990 τοῖς
377 3903 457 3977 καθ’
489 3910 627 3986 ι’καστα,
645 3900 834 4004 &zozim
859 3929 893 3972 τι
920 3911 975 3974 καὶ
994 3908 1139 3999 Καλλίᾳ.
1178 3906 1232 3978 Ἐν
