2748 4514
243 294 282 355 7⁶

237 455 409 542 σώζεσθαι
436 455 475 526 τὸ
497 455 638 546 μηδέν’
618 459 774 581 ἀναιτίοις
794 460 858 527 τῶν
873 462 1050 549 γινομένων
1073 460 1245 547 γίνεσθαι,

235 570 291 632 καί
306 564 424 632 τοῦτον
438 559 496 630 τὸν
514 558 637 651 τρόπον
653 559 811 652 ἐχόντων,
833 559 877 641 ὡς
890 559 984 650 ἡμεῖς
1005 566 1160 652 λέγομεν,
1181 568 1246 634 τών

238 662 449 760 πραγμάτων.
496 661 562 734 Ἀν
592 663 656 758 γάρ
684 661 888 754 παυσάμενοι
915 667 975 748 τῆς
1009 662 1156 748 ἁλύσεως
1182 671 1248 736 τῶν

237 767 350 840 ἀιτίων
384 775 441 838 καί
473 771 533 837 τοῦ
564 778 635 849 τοῖς
672 764 814 860 πρώτοις
847 773 1032 858 γενομένοις
1070 773 1232 858 λέγειν’
1214 774 1249 854 εξ

236 869 381 960 ἀνάγκης
394 876 546 941 έπεσθαι
566 871 606 940 τὸ
626 868 746 950 ἀιτίοις
769 877 854 939 τισὶν
875 868 1010 964 ὄφειλον
1027 872 1188 960 γίνεσθαι
1210 879 1248 956 ³),

234 971 281 1055 ώς
302 978 336 1045 έν
353 978 393 1072 τῇ
404 972 510 1069 ὀύσίητ
530 973 638 1044 ἀυτῶν
653 971 694 1042 τὸ
715 971 823 1042 ἀίτιον
843 979 1062 1067 περιέχουσιν,
1092 973 1161 1049 ἀπὸ
1181 981 1249 1048 τῶν

237 1083 414 1168 γινομένων
438 1105 472 1146 τε
503 1084 560 1146 καὶ
575 1075 728 1166 “ύστέρων
759 1074 818 1160 τὴν
839 1074 1002 1148 ἀπόδοσιν
1035 1079 1101 1148 τῶν
1132 1075 1248 1150 ἀντίαν

237 1179 434 1273 ποιώμεθα,
456 1180 503 1249 ἔτι
518 1207 553 1250 τε
569 1183 634 1250 τῶν
654 1184 830 1269 γινομένων
844 1182 959 1273 κυρίας
976 1183 1119 1271 ζητῶμεν
1137 1177 1168 1265 4)
1186 1182 1247 1264 τάς

234 1282 362 1364 ἀιτίοις,
406 1279 481 1352 ἰύτε
505 1280 661 1362 ἀναιτίως
688 1309 721 1349 τι
748 1284 813 1352 τάν
844 1288 1023 1373 γινομένων
1051 1277 1246 1372 γτνὴσαατ,

235 1383 311 1456 ’ὀύτε
332 1383 389 1457 διά
410 1388 510 1454 τοῦτο
535 1388 569 1468 ἐξ
587 1381 733 1472 ἀνάγκης
759 1383 841 1454 καθ’
872 1389 1069 1479 έιμαρμένην
1088 1385 1248 1472 τοιαύτην

235 1486 406 1560 πάντοθεν
429 1486 599 1578 γινόμενον
618 1488 721 1557 ἔσται.
763 1484 842 1558 'Onu
868 1491 901 1572 ἐξ
925 1487 1069 1578 ἀνάγκης
1095 1499 1158 1580 μέν
1181 1490 1247 1584 γάρ

234 1591 254 1666 ὁ
274 1595 518 1688 Σωφρονίσκος
539 1594 569 1677 ⁵)
593 1595 640 1716 τρῖ
660 1596 744 1662 έῑνοω
767 1591 831 1676 ἤδη
860 1597 916 1661 καὶ
939 1591 1049 1686 πατὴρ
1070 1593 1167 1662 ἔσται
1190 1602 1246 1663 καὶ

234 1694 342 1778 ἀίτεύς
373 1722 438 1766 τινι
467 1698 532 1766 τών
557 1723 618 1787 μετ
656 1691 768 1766 ἀυτύυ.
829 1692 881 1766 Ἕν
911 1701 1025 1785 μέντοι
1057 1694 1247 1790 Σωκράτης

234 1803 298 1924 έίη
304 1797 384 1884 ἐξ
364 1796 524 1924 ἀνάγκης,
560 1797 651 1894 ἀντῷ
677 1826 736 1883 της
763 1803 915 1888 γενέσεως
941 1801 1188 1892 Σωφρονίσκος
1214 1803 1247 1885 ἐξ

134 1905 138 1916 ’
234 1901 380 1994 ἀνάγκης
411 1900 528 1984 ἀίτιος.
579 1899 640 1984 Ὡς
667 1901 732 1996 γάρ
761 1901 963 1992 θεμελίου”
943 1928 1038 1982 ουτος
1059 1901 1120 1972 ούκ
1142 1901 1246 1993 ἀναγ-

234 2016 330 2078 καῖον
345 2006 453 2076 οἰκίαν
473 2009 651 2094 γενέσθαι,
673 2003 780 2084 οἰκίας
800 1969 890 2073 ἀ”
853 2029 954 2088 ουσης
973 2011 1246 2098 προκαταβεβλῆ·

236 2117 328 2180 σθαι
340 2107 399 2176 τὸν
413 2112 573 2196 θεμέλιον
587 2111 643 2190 ὅτι)
660 2097 807 2196 ἀνάγκη,
829 2102 933 2187 ὁύτως
947 2109 1029 2197 ἔχειν
1040 2104 1247 2192 ὑποληπτέον

232 2211 289 2283 καὶ
310 2215 344 2282 έν
364 2217 434 2290 τοῖς
454 2213 638 2298 γινομένοις
660 2206 761 2303 φύσει
781 2209 825 2278 τά
846 2207 938 2280 ἀίτια
966 2207 1165 2300 ἐξάνάγκης
1186 2211 1246 2282 ούκ

202 2321 204 2327 ”
233 2315 348 2400 ἀυτοῐς
367 2309 511 2407 πρώτοις
533 2313 563 2395 6)
586 2313 619 2394 ἐξ
639 2307 784 2401 ἀνάγκης
801 2310 958 2404 ἑπόμενον
971 2312 1011 2383 τὸ
1025 2312 1147 2396 ἀιτίοις
1161 2320 1246 2388 έῑτοα

231 2422 344 2504 τινών,
380 2413 468 2486 ἀλλά
496 2421 566 2495 τοῖς
595 2412 744 2508 ὑστέροις
772 2423 956 2507 γινομένοις
984 2415 1022 2486 τὸ
1045 2420 1079 2502 ἐξ
1098 2415 1245 2509 ἀνάγκης

170 2599 172 2604 ,
233 2527 316 2616 ἔχειν
336 2529 369 2592 τὶ
390 2522 454 2590 τῶν
474 2517 539 2609 πρὸ
560 2516 668 2588 ἀυτῶν
685 2516 802 2588 ἀίτιον.
836 2517 932 2588 Ἔστι
954 2523 990 2589 δέ
1010 2546 1087 2590 τινα
1107 2527 1173 2592 τῶν
1193 2552 1246 2611 γι-

231 2631 373 2718 νομένων
393 2631 451 2694 καὶ
472 2624 635 2705 τοιαῦτα,
658 2617 702 2700 ὡς
723 2621 805 2712 ἔχειν
825 2629 886 2712 μέν
906 2620 1014 2694 ἀίτιόυ
1034 2651 1068 2693 τι
1091 2620 1166 2710 οο),
1205 2626 1244 2698 ού

234 2729 298 2821 μὴν
319 2727 441 2799 οἰκεῖον
453 2729 493 2810 7),
515 2723 591 2795 οὐδὲ
611 2722 872 2818 προηγούμενον,
894 2723 987 2811 ἀλλ’,
1009 2726 1053 2808 ὡς
1065 2725 1145 2817 ἡμῖν
1159 2731 1245 2813 ἔθος

234 2838 354 2920 λέγειν,
383 2828 471 2900 κατά
491 2825 707 2918 συμβεβηκός.
746 2823 785 2898 ‘0
805 2827 873 2923 γάρ
894 2833 1043 2924 ἑυρεθεὶς
1063 2833 1245 2928 θησαυρὸς

235 2933 300 3006 ύπύ
328 2936 388 3002 τοῦ
420 2931 478 3001 διά
505 2931 545 3001 τὸ
578 2929 731 3025 φυτεύειν
758 2929 982 3015 σκώπτοντος,
1017 2935 1081 3024 ἔχει
1107 2945 1170 3026 μέν
1204 2937 1244 3005 τὸ

232 3035 390 3110 σκάπτεω
410 3032 537 3118 ἀίτιον,
573 3034 612 3105 ού
641 3033 706 3122 μὴν
733 3032 874 3118 οἰκεῖον,
909 3033 985 3104 οὐδὲ
1006 3035 1180 3126 γενόμενον
1200 3039 1242 3109 δέ

231 3140 349 3214 ἀυτύν·
370 3137 414 3210 τά
433 3147 494 3229 μὲν
513 3137 578 3230 γάρ
600 3140 719 3231 κυρίως
738 3134 852 3219 άίτια,
872 3135 943 3222 ίίὲξ
963 3136 1107 3229 ἀνάγκης
1126 3139 1243 3229 μόνον,

230 3247 274 3329 ώς
293 3243 425 3326 τούτοις
452 3246 558 3324 δοκεῖ,
589 3247 645 3310 καί
674 3237 717 3320 ώς
745 3243 796 3309 ἐπὶ
824 3237 863 3306 τὸ
891 3240 976 3310 πολύ
998 3239 1155 3332 ἑπόμενὸν
1175 3248 1243 3336 ἔχει

230 3351 275 3424 τὸ,
296 3349 404 3420 ἀίτιον
431 3347 481 3431 8)·
524 3343 568 3414 τά
595 3348 639 3412 δέ,
658 3340 745 3412 κατά
780 3342 989 3432 συμβεβηκὸς
1017 3343 1121 3428 ὁύτως
1148 3345 1243 3418 ἀίτυα

230 3457 374 3534 σπανίοις
393 3455 518 3541 γίνεται
538 3446 582 3518 τά
601 3443 761 3534 τοιούτων
781 3444 891 3532 ἀίτια,
927 3441 1007 3518 ὥστε
1029 3456 1100 3530 τοῖς
1119 3455 1244 3523 τούτου

229 3554 287 3627 τὸν
308 3553 432 3650 τρόπον
454 3561 604 3643 λέγουσιν
626 3543 722 3642 ἀμοι
719 3559 817 3621 μέν
807 3557 919 3621 έπεται
946 3549 987 3619 τὸ
1013 3551 1164 3672 μηδέν’
1143 3559 1243 3624 ανατ-

229 3663 304 3741 τὶως
325 3661 482 3749 γίνεσθαι
504 3663 625 3780 λέγειν,
647 3649 776 3748 ἀμαδὲ
798 3653 837 3724 τὸ
860 3653 971 3738 σώζειν
991 3651 1048 3736 τύ,
1076 3681 1111 3725 τε
1126 3655 1193 3738 9)’
1172 3657 1242 3728 απὸ

230 3761 328 3854 τύχηςΙ
349 3758 446 3832 κρέ’
426 3759 617 3850 αυτομάτον
638 3761 794 3848 γίνεσθαί
816 3784 916 3829 τινα
912 3761 976 3842 0)
999 3764 1053 3828 καί
1075 3755 1161 3830 έῖναι
1183 3769 1242 3832 καὶ
