2790 4512
225 375 227 378 .
250 315 310 378 132

247 487 434 571 γεγονέναι,
456 473 558 572 ίίςιιερ
579 477 622 548 τὰ
643 483 782 571 τέρατα
815 471 925 547 ’Ὅταν
946 476 1010 570 γὰρ
1032 475 1078 566 μή
1100 476 1140 546 ύῦ
1159 475 1261 571 χύριν

250 590 363 663 τέλους
393 585 537 671 γίγνεται
570 581 630 665 ¹⁷),
672 580 711 650 τὸ
745 576 937 670 γιγνόμενον
973 576 1072 675 φύσει
1107 585 1259 668 γένηταιι

247 685 364 779 ’μάτην
377 693 432 754 καὶ
454 683 537 754 ἆοτὸ
559 691 692 775 λέγομεν
713 683 898 774 γεγονέναι,
919 692 989 752 ’καὶ
1018 681 1057 751 τὸ
1079 687 1263 752 ἐπακολου-

145 813 150 818 “
247 795 366 875 θησαν
387 788 493 884 ἀστῷ,
530 782 583 858 ὅτι
603 786 690 857 κατὰ
717 786 923 879 συμβεβηκὸς
949 785 1059 855 οίίτιον
1081 784 1123 856 τὸ
1150 784 1262 876 μάτην

249 892 382 984 γεγονός
404 897 494 963 ἐστιν
520 893 585 977 ¹⁸),
619 888 814 982 ἆντομοίτως
842 899 953 986 φαμὲν
980 895 1167 979 γεγονέναι·
1204 896 1262 958 καί

250 997 360 1078 ’ἁπλῶς
380 1001 446 1066 πᾶν
467 995 505 1065 τὸ
527 999 572 1089 τῷ
594 993 680 1064 κατὰ
701 991 804 1084 φύσιν
824 999 1001 1087 γιγνομένῳ
1025 997 1262 1076 έιτακολουθῆ·

250 1127 329 1184 σαν,
358 1099 418 1170 οὐκ
440 1100 477 1170 ὃν
498 1096 538 1168 ὁύ
558 1096 659 1191 χοίριν
681 1101 819 1188 ἐγίνετο,
841 1094 1034 1184 ἆοτομοίτως
1055 1101 1185 1186 λέγεται
1205 1123 1261 1185 γε-

248 1210 389 1294 γονέναι.
428 1199 556 1280 Ὃύτως
588 1199 606 1270 6
634 1207 843 1291 κατενεχθεὶς
874 1203 977 1281 λίθος
1005 1205 1047 1283 ¹9)
1076 1207 1133 1269 καὶ
1154 1197 1261 1280 ὁύτως

248 1336 316 1389 πως
336 1306 461 1389 πεσὼν,
493 1303 536 1385 ὡς
557 1302 602 1372 ἐπ’
626 1302 730 1373 ἄντοῦ
751 1308 966 1387 καθέζεσθαι
987 1303 1177 1389 δύνασθαι,
1199 1301 1260 1374 ἆν-

247 1407 398 1501 τομοίτως
426 1405 520 1491 τήνδε
548 1409 607 1490 τής
635 1403 764 1501 φύσεως
790 1412 893 1476 θέσιν
914 1409 1003 1499 ἔσχεν
1024 1395 1261 1492 ἐπακολουθή-

249 1528 358 1584 Ισόἰσαν
378 1515 418 1608 τῇ
439 1513 569 1607 φυσική
584 1538 647 1584 του
627 1514 768 1580 λίθου
797 1509 855 1579 διὰ
881 1509 940 1594 τήν
959 1509 1143 1633 βαρύτητα.
1154 1539 1259 1580 κατα·

248 1621 350 1716 φορᾷ.
389 1613 534 1705 Ὁμοίως
555 1618 591 1682 δὲ
613 1610 709 1688 καὶὸ
738 1612 794 1682 διὰ
821 1613 882 1697 τήν
913 1614 1041 1711 τροφήν
1070 1614 1182 1685 ἐλθὼν
1210 1615 1259 1699 ²⁰)

148 1796 150 1800 ,
248 1727 299 1791 έτιὶ
321 1717 414 1790 τόνδε
434 1718 493 1788 τὸν
513 1715 616 1788 τόπον
636 1715 752 1801 ίτττιος,
788 1724 912 1798 σωθεὶς
934 1723 969 1786 δὲ
992 1717 1049 1788 διὰ
1069 1723 1169 1788 τούτο
1191 1717 1259 1789 ἀπὸ

247 1828 313 1895 τῶν
338 1823 520 1911 πολεμίων·
554 1829 610 1893 καί
636 1819 702 1910 γὰρ
729 1819 834 1915 τούτῳ
860 1818 880 1905 6
903 1821 1028 1914 φυσική
1050 1825 1109 1907 τῆς
1128 1827 1260 1920 τροφῆς

248 1928 353 2022 ὄρεξις
371 1929 433 2010 τῆς
454 1923 616 2019 σωτηρίας
637 1925 768 2046 σἰιτία,
778 1924 838 1993 οὐκ
859 1923 998 1994 ἐλθόντι
1019 1929 1079 1995 τού
1101 1931 1259 2011 σωθῆναι

244 2031 353 2123 χάριν.
401 2027 448 2097 Τὸ
471 2032 505 2096 δὲ
491 2033 630 2114 ὲλέγειν
652 2027 711 2112 τήν
730 2024 830 2118 τύχην
851 2025 962 2097 ἆιτίαν
983 2027 1106 2112 ίίδηλον
1121 2029 1259 2125 ἅνθρω-

246 2137 326 2226 ιτίνῳ
350 2131 533 2222 λογισμῷ2
536 2134 578 2212 ¹)
611 2127 670 2198 ούκ
691 2131 762 2198 ἔστι
783 2126 885 2226 φύσιν
905 2130 981 2200 τινὰ
1002 2130 1099 2223 τύχης
1119 2140 1259 2225 τιθεμέ-

247 2262 330 2318 νων,
352 2231 472 2303 ἀλλ”
456 2257 490 2300 εν
509 2235 549 2329 τῇ
569 2231 652 2325 πρὸς
673 2231 717 2302 τὰ
737 2231 829 2302 ἆίτια
849 2237 929 2328 ποιᾷ
951 2241 1070 2325 σχέσει
1078 2235 1138 2320 τήν
1158 2235 1259 2368 τύχην

248 2343 331 2408 ε’ἴναι
352 2331 526 2426 λεγόντων·
560 2338 652 2405 ίσταί
680 2363 715 2405 τε
744 2333 847 2417 ὁύτως
873 2336 912 2405 τὸ
937 2335 1019 2407 6vt6
1041 2342 1087 2433 τῷ
1107 2341 1211 2429 μὲν
1190 2347 1256 2412 απὸ

246 2440 362 2533 τύχης,
391 2468 436 2536 τῳ
420 2436 539 2507 ”²65
522 2435 581 2508 ού·
615 2433 697 2509 ὅταν
717 2437 737 2508 6
758 2450 818 2531 μὲν
838 2438 943 2510 ἆοτού
962 2439 1103 2540 γινώσκη
1124 2443 1184 2527 τήν
1205 2443 1259 2515 66-

244 2548 351 2630 τίαν,
373 2513 491 2613 ὅδὲ
471 2546 582 2641 αγνοῇ.
638 2548 782 2636 Προςέτι
803 2570 837 2614 τε
858 2547 925 2612 ἐπεὶ
946 2547 1043 2613 πλείω
1066 2549 1127 2616 τού
1153 2545 1258 2618 ἄντοῦ

247 2646 356 2733 ἆίτια,
378 2651 441 2736 ἒίγε
456 2648 624 2740 τετραχῶς
644 2647 716 2729 ²²‚)
739 2637 783 2716 ὧν
796 2645 846 2714 16
865 2655 926 2735 μὲν
947 2651 1108 2739 ἐνδέχεται
1125 2655 1258 2774 διδέναι,

246 2750 297 2818 τὰ,
311 2756 347 2820 δὲ
367 2748 430 2840 μή·
465 2748 504 2818 τὸ
532 2748 614 2820 σἰοτό
643 2777 676 2818 τι
708 2742 780 2839 ἅμα
807 2751 854 2818 τῶ
882 2747 973 2845 ἀστῷ
994 2760 1050 2822 καί
1072 2749 1138 2823 ἆιτό
1159 2751 1258 2845 τύχης

246 2859 303 2923 ’καὶ
323 2851 396 2942 οὐχὶ
417 2851 483 2922 ἀπὸ
504 2852 603 2943 τύχης
629 2855 724 2923 ἔσται
751 2856 799 2938 ²5)
811 2905 821 2937 ,
856 2850 898 2923 ἂν
925 2853 969 2922 τὰ
999 2859 1058 2943 μέν
1086 2881 1162 2926 τινα
1195 2859 1258 2926 τῶν

165 2965 168 2972 ’
248 2954 362 3026 ἆιτίων
383 2954 485 3025 ἆντου
470 2959 676 3084 γνωρίζῃ,
674 2954 720 3026 τύι
738 2954 816 3024 δὲ
796 2959 918 3052 αγνοῇ·
941 2954 979 3024 06
1001 2956 1066 3052 γὰρ
1085 2956 1257 3081 διώρισται

247 3057 341 3154 ιιαρίι
371 3057 430 3143 τήν
461 3065 602 3153 ποτέρου
618 3061 695 3129 τῶν
723 3056 835 3130 ύιτίων
863 3057 1042 3147 ἄγνοιανή
1065 3060 1155 3152 τύχη.
1206 3059 1256 3132 Ει

247 3161 311 3257 γὰρ
340 3168 463 3253 λέγοιεν
492 3161 537 3252 μή
565 3162 625 3246 τήν
653 3169 740 3232 τισὶν
768 3159 1014 3255 ἀνθρώποις
983 3167 1105 3234 αιτίαν
1136 3165 1258 3252 ἄδηλιν

248 3295 332 3336 ειναι
353 3265 411 3351 τήν
433 3262 551 3356 τύχην,
574 3263 661 3335 ἀλλὰ
680 3263 740 3348 τήν
761 3263 917 3334 καθόλου
937 3268 1039 3336 ττᾶσιν
1053 3265 1256 3362 ἀνθρώποις,

249 3366 319 3440 ὀύδ
343 3365 478 3474 ὅλως’“
447 3372 529 3439 ειναί
550 3395 583 3438 τι
604 3375 801 3461 συγχωροῖεν
821 3365 863 3436 ίίν
883 3367 942 3451 τήν
963 3365 1079 3459 τύχην,
1114 3370 1257 3454 διδόντες

210 3479 213 3486 ’
248 3499 283 3541 τε
311 3477 394 3543 έίναι
423 3471 599 3563 μαντικήν,
634 3478 690 3539 καὶ
721 3498 785 3540 των
813 3468 943 3555 ἀδήλων
969 3471 1208 3543 δοκούντων’
1173 3503 1255 3545 ειναι

249 3582 319 3656 τοῖς
340 3574 454 3657 ἄλλοις
474 3573 654 3665 γνωστικὴν
675 3571 779 3657 ἀστήν
795 3580 976 3664 τιθέμενοι.
1014 3573 1065 3645 Ει
1077 3574 1142 3670 γδρ
1157 3582 1256 3648 τοῦτο

251 3678 402 3770 διορίζειν
422 3677 617 3768 βουλόμενοι
638 3683 761 3766 λέγοιεν
782 3676 842 3760 τήν
863 3676 988 3762 ίίδηλον
1003 3687 1072 3760 τοῖς
1085 3677 1256 3767 ἀνεπιστή-

249 3804 349 3870 μοσιν
370 3778 482 3851 ἀντίαν
501 3779 620 3872 τύχην,
641 3783 736 3850 ἔσται
757 3779 844 3849 κατὰ
864 3783 982 3852 τοῦτον
1003 3781 1062 3853 τὸν
1082 3780 1256 3871 λόγονκαὶ

249 3882 293 3952 τὰ
324 3883 410 3952 κατὰ
439 3884 504 3965 τὰς’
527 3880 708 3973 ἐπιστήμας
736 3909 770 3952 τε
797 3891 853 3952 καὶ
867 3888 994 3976 ’τέχνας
1014 3884 1168 3977 γινόμενα
1190 3897 1256 3970 τοις
