2754 4510
265 359 326 422 966

259 513 366 607 96)
344 520 438 620 μέν’
461 523 622 642 ἔκείνιρν
642 523 713 608 μέν
733 517 834 600 πᾶν]
856 517 934 584 Ald'.
954 519 986 589 9.
1003 529 1035 582 et
1055 517 1153 583 Μοιι.
1175 543 1196 597 η
1182 505 1265 583 'bs'

348 627 472 695 έιιιίνιον
492 654 517 712 μ
518 633 551 692 ν
572 615 624 692 ὅτι
644 625 719 692 ιιᾶν.

262 734 317 814 99)
345 725 389 797 τὸ
411 722 658 815 ἆντομὰτοις
680 725 742 808 τι]
774 726 851 791 Alo.
875 726 907 791 9.
931 723 1108 791 omittitra.

688 984 773 1025 ΗΡ.
797 983 831 1025 V·

282 1127 317 1207 9)
344 1125 404 1204 lte
425 1117 600 1201 τούτους
621 1117 718 1199 τοὺς
738 1116 939 1209 τρόπους]
970 1121 1048 1188 Ald.
1068 1121 1103 1184 9.
1126 1113 1261 1197 έιςτοιέ-

346 1254 426 1306 τοις
446 1224 523 1305 τοὺς
538 1221 680 1304 σκὸιιοος
700 1225 826 1291 vitiose.
870 1225 955 1289 Vide
969 1243 1049 1310 quae
1069 1222 1259 1287 observari-

346 1354 415 1397 mus
437 1333 477 1394 ad
498 1329 581 1412 Cap.
604 1331 670 1393 111.
693 1330 778 1393 Nro.
802 1329 834 1390 6.
871 1328 944 1409 (0.)

281 1431 338 1518 9)
344 1433 526 1524 ένιιοὶῳ]
560 1433 718 1496 Euseb.’
702 1433 827 1498 ιντίνι.

283 1539 316 1620 3)
335 1523 390 1606 H
406 1538 528 1602 τοῦτο
548 1542 622 1623 μέν
648 1529 914 1601 παντάπασιν
942 1531 1119 1619 αλογον]
1164 1520 1260 1615 ster}

345 1639 563 1706 affirmativum
576 1637 670 1721 posui
683 1660 745 1720 pro
763 1665 784 1718 ιγ
778 1634 1003 1702 disiunctivo.
1048 1637 1259 1703 Offenderunt

342 1743 375 1808 in
398 1744 462 1806 hoc
490 1742 564 1806 loco
593 1762 699 1805 omnes
734 1740 871 1804 editores
896 1753 926 1803 et
955 1741 1146 1823 interpretes
1178 1764 1259 1823 pun-

344 1858 429 1918 ctum
451 1844 706 1930 interrogationis
728 1856 880 1926 ponentes
898 1856 972 1926 post
992 1845 1126 1930 ἀλογον.
1158 1845 1261 1928 Atqui

344 1950 461 2013 refutat
492 1948 540 2010 his
569 1948 675 2010 verbis
702 1960 813 2010 auctor
834 1947 1014 2029 opinionem
1037 1969 1168 2024 eorum,
1204 1947 1259 2031 qui

342 2053 518 2115 statuebant
546 2045 604 2131 τὴν
628 2052 822 2138 έιμαρμένιγν
847 2052 929 2116 έῖναι
957 2051 990 2116 έν
1024 2055 1095 2128 τοῖς
1127 2046 1261 2126 οὐδενὸς

339 2149 438 2242 χάριν
458 2155 648 2237 γινομένοις.
690 2154 779 2216 Unus
801 2173 910 2215 verum
929 2153 1007 2218 vidit
1025 2152 1259 2218 Schulthessius

344 2267 483 2319 vertens.
525 2253 594 2318 Dos
612 2264 696 2318 wttre
710 2255 881 2337 ιςιεναιίιιιι
902 2258 1152 2341 unvernttnftig.
1183 2256 1258 2337 (Ο.)

343 2358 414 2422 Iino
438 2356 598 2421 verissima
620 2355 744 2418 videtur
769 2367 860 2419 antea
886 2356 1015 2441 vulgata
1035 2358 1150 2435 leeti03
1179 2383 1259 2444 per·

342 2481 435 2544 saepe
471 2459 551 2522 enirn
590 2447 765 2520 Alexandri
796 2457 946 2544 magister
984 2458 1178 2526 Aristoteles
1209 2464 1255 2528 ita

342 2561 562 2639 ratiocinatur,
596 2559 694 2624 veluti
723 2561 852 2625 Politie.
879 2567 909 2626 1.
938 2564 970 2628 5.
998 2566 1051 2627 10.
1077 2559 1257 2656 ἀπορήσειε

341 2661 372 2734 (7⁰
397 2663 439 2732 ἄν
456 2691 524 2747 τις,
552 2659 590 2730 τὸ
611 2666 667 2731 νῦν
687 2665 852 2753 έιρημένον
872 2668 900 2732 ἐι
924 2663 1070 2749 ἀληθές,
1102 2657 1186 2758 ἆρα
1200 2677 1258 2737 καὶ

340 2764 417 2846 τοὺς
449 2769 594 2856 τεχνίτας
629 2761 735 2846 δεήσει
769 2766 850 2853 ἔχειν
877 2765 1012 2860 ἀρετὴν,
1048 2767 1069 2853 ἢ
1104 2774 1258 2864 διαφέρει

340 2873 439 2937 τοῦτο
458 2875 610 2938 πλεῖστον
631 2869 654 2932 i.
677 2887 707 2932 e.
725 2892 832 2937 nonne
848 2875 963 2990 potins
980 2875 1046 2938 Ιιοο
1063 2876 1255 2956 ρΙιινίιιιιιιιι

340 2973 499 3040 interest?
533 2972 610 3037 ibid.
636 2973 702 3037 Ill.
731 2974 761 3034 7.
789 2971 856 3034 9.’
843 2967 978 3052 morito
1000 2970 1248 3044 ἐπιπόλαιον
1214 3002 1255 3044 το

339 3077 481 3170 ιμενιῖοςς
516 3075 706 3138 ib.ib.10.
740 3069 761 3154 ἢ
792 3069 832 3139 τὸ
861 3068 966 3159 ὀλίγον
990 3071 1073 3166 πρὸς
1096 3071 1136 3145 τὸ
1158 3078 1257 3170 ἔργον

339 3181 392 3248 δεῖ
410 3182 558 3260 οκοιιεῑνς
579 3177 634 3239 ubi
648 3196 739 3240 nemo
754 3164 952 3276 praeferet
931 3204 962 3259 η.
994 3180 1109 3262 (Onsp.
1130 3182 1251 3258 Orell.)

279 3283 356 3366 6)’
340 3307 379 3350 εν
400 3285 488 3359 τοῖς
515 3272 630 3349 ἕνεκα
655 3303 727 3344 τοο
754 3283 993 3366 γινομένοις
1024 3276 1255 3366 ἀναγκαῖον

339 3388 516 3452 τιθέναι
537 3379 609 3463 τὴν
630 3382 900 3472 ἑιμαρμένην]
936 3384 1109 3448 ItaLond.
1132 3384 1253 3448 exEn-

339 3487 428 3552 sebio
457 3500 488 3551 et
512 3486 588 3550 Ald.
616 3487 647 3549 1.
671 3486 704 3552 ἐν
724 3488 794 3562 τοῖς
817 3483 907 3553 ἕνεκά
927 3511 987 3554 τον
1006 3491 1181 3575 γινομένων
1201 3513 1254 3572 γι-

338 3592 486 3676 νομένοις
505 3583 640 3674 ἀνάγκη.
682 3587 758 3650 Ale.
785 3586 816 3650 9.
843 3600 874 3652 et
900 3588 1006 3671 Gasel.
1033 3592 1133 3656 Male.
1178 3590 1255 3671 (Ο.)

277 3696 311 3778 5)
338 3693 513 3758 τιθέναι
549 3687 618 3772 τὴν
653 3691 923 3779 έιμαρμένην]
979 3693 1031 3758 Sic
1063 3695 1183 3758 Euseb.
1221 3705 1271 3755 et·

337 3794 447 3859 Lond.
471 3787 528 3874 τὴν
546 3795 739 3883 έιμαρμένιγν
762 3793 844 3860 έῐναι
866 3795 1043 3867 τίθεσθαι.
1085 3797 1193 3864 Havn.
1222 3805 1253 3859 et

340 3899 437 3964 Mon.
462 3907 497 3962 ut
521 3896 629 3980 perillo
652 3895 793 3962 inferius.
839 3895 912 3980 (Ο.)
