2748 4514
683 481 685 488 '
714 471 775 540 16.

299 576 508 650 Ἐπαάσαντυ
529 571 605 645 δ’
581 601 623 645 αν
643 577 701 659 τῆς
719 578 753 642 ἐν
772 574 842 651 τοῖς
855 567 968 660 λόγοις
986 569 1201 666 φιλοτιμίας
1193 576 1257 638 καὶ
1337 577 1342 586 ’

158 751 166 766 ,
216 678 509 774 ,συγγωριίσαιντο
542 683 625 748 ίῖναι
652 676 692 745 τὸ
723 672 772 771 ἐφ’
807 671 884 773 ἡμῖν
914 667 1093 766 ἐλευθερόν
1126 699 1161 740 τε
1195 682 1256 742 καλ

242 782 451 868 ἀυτεξούσιου
472 789 527 852 καὶ
547 780 661 912 κύριον
685 782 744 862 τῆς
763 782 828 847 τῶν
845 776 1073 866 ἀντικειμένων
1097 773 1256 868 ἀιρευειίς

242 915 276 958 τε
304 895 360 956 καί
385 883 577 980 πράξεως,
593 889 645 952 ἐπὶ
674 883 887 975 περιεστῶσιν
916 878 1096 973 ἄνθρωποι
1128 881 1256 948 δίκαιοι

241 993 400 1100 γίνεσθαι
420 992 677 1105 πεπιστευμένοι
693 983 813 1076 ὁμοίως
841 980 987 1069 ἰδιώταις
1020 991 1078 1052 καί
1104 988 1255 1073 νομοθέ-

168 1151 172 1160 .
246 1121 322 1174 ταις
345 1098 386 1176 ².)
439 1089 531 1160 Εστί
558 1096 593 1162 δὲ
617 1091 716 1158 τοῦτο
744 1093 771 1171 ³)
811 1085 849 1158 τὸ
877 1082 1171 1211 συγγινώσκεσδαι
1194 1095 1257 1178 μὲν

243 1195 404 1280 ἀξίους’
389 1201 474 1263 εῖναι
506 1192 583 1272 τοὺς
612 1189 775 1270 ἀκουσίως
799 1188 951 1260 τοιοῦτόν
983 1217 1016 1260 τι
1024 1187 1255 1313 πράξαγυας,

143 1325 146 1332 ·
244 1299 303 1389 οάγ
338 1295 382 1377 ὡς
408 1300 460 1366 ἐπὶ
488 1300 534 1388 τῷ
562 1299 721 1386 γινομένῳ
752 1289 926 1413 πράγματι
945 1290 1040 1376 4)
999 1321 1064 1375 της
1088 1290 1257 1374 κολάσεως

245 1399 455 1524 ὁριζομένης,
492 1365 562 1465 ἀλλ
594 1399 645 1465 ἐπί
672 1421 717 1462 τω
748 1393 859 1488 τρόπω
885 1399 944 1516 τῆς
976 1393 1185 1489 πράξεως,“
1175 1390 1257 1489 σ’περ

244 1502 320 1574 ἀάτε
345 1525 409 1570 των
426 1500 577 1570 ἀλλων
549 1525 598 1578 τις
605 1552 614 1582 ,
647 1495 722 1568 ὀάτε
743 1496 850 1567 ἀυτων
870 1496 995 1568 τούτων
1016 1496 1060 1580 ὡς
1085 1498 1125 1568 06
1148 1503 1258 1580 καλῶς

244 1609 333 1698 ἕχον,
354 1603 514 1674 ἀιτιάται.
558 1603 629 1672 Καί
650 1627 705 1670 τοι
723 1603 754 1670 τί
770 1603 834 1670 τῶν
854 1598 932 1670 δι’
917 1600 1080 1731 ἀγνοιαν
1071 1609 1257 1725 πραττρμὲ·

244 1736 307 1780 νων
327 1713 374 1792 ⁵),
403 1702 697 1800 ἀμαρτανόντωνῆ
721 1694 821 1798 βία
800 1730 900 1788 ηττον
919 1703 961 1775 ἀν
985 1710 1047 1776 ἕίεν
1063 1703 1258 1796 συγγνώμης

243 1811 349 1897 ἀξιοι,
386 1808 507 1890 εἰδότες
518 1805 638 1900 μὲνς
623 1805 647 1877 6
674 1805 894 1900 πράττουσιν,
930 1806 989 1878 οάκ
1011 1810 1137 1899 ἔχοντες
1167 1812 1241 1877 δὲ’
1226 1834 1258 1878 εν

183 1977 184 1982 ,
246 1915 361 1996 ἀστοῖς
384 1913 444 1998 τὴν
474 1914 639 1997 ἐξουσίαν,
678 1915 738 1980 τοῦ
767 1908 912 1992 (τούτων
939 1910 1053 1991 ἀστοῖς
1084 1908 1258 2006 περιεστώ-

244 2015 310 2089 των
331 2012 377 2102 ⁶),
404 2013 581 2094 ’ἀπολυτως
605 2014 720 2092 ἀστοῖς
747 2020 803 2080 καί
825 2016 858 2095 ἐξ
874 2011 1026 2138 ἀνάγκης
1045 2019 1257 2105 περιεστᾶναι

245 2127 312 2204 δεῖ)
328 2120 411 2188 ἀλλο
433 2145 467 2186 τι
485 2114 711 2212 [πράττειν,]
708 2112 871 2208 17’ί)παρ
856 2113 879 2182 6
899 2112 1102 2240 πράττουσις
1131 2121 1179 2210 τῷ
1200 2116 1260 2240 π’γν

246 2221 349 2321 φύσιν
374 2219 484 2290 ἀυτῶν
509 2225 592 2290 εῖναι
619 2214 797 2303 τοιαύτην,
833 2225 889 2288 καί
913 2223 997 2288 ἑῐναι
1022 2217 1060 2288 τὸ
1084 2219 1173 2288 κατὰ
1202 2218 1262 2304 τὴν

246 2325 368 2396 οἰκείαν
388 2322 502 2405 ἀστοῖς
522 2320 625 2417 φύσιν
647 2323 785 2393 ἕκαστον
806 2318 978 2445 πράττειν,
1006 2313 1049 2392 ὧν
1072 2319 1263 2416 πράττουσι

246 2429 329 2501 καθ
359 2432 571 2550 ἑιμαρμένην,
617 2422 666 2506 ὡς
694 2429 765 2506 τοῖς
803 2422 940 2520 βάρεσιν
970 2424 1154 2523 αἱρεθεῖσιν
1188 2425 1263 2508 ίίε)

247 2529 443 2606 ἀνωθεν
411 2559 449 2600 το
477 2535 648 2626 φέρεσθαι
675 2525 781 2611 κάτω,
816 2533 873 2598 καί
900 2536 970 2611 τοῖς
1000 2535 1196 2625 περιφερέσι
1221 2528 1261 2598 τὸ

247 2636 334 2706 κατά
350 2639 410 2706 τοῦ
429 2637 621 2757 πρανριῖς,
618 2636 646 2702 ἐι
671 2629 873 2726 ἀφεθεῖεν’
853 2661 904 2728 αφ
929 2630 1052 2717 ἀστοῦ,
1074 2641 1260 2757 κινεῖσθαι.

238 2734 379 2862 Ὅμοιον
404 2737 469 2830 γάρ
496 2735 537 2805 τὸ
562 2733 701 2811 τοῦτὸν
727 2733 827 2805 ι’ππον
858 2733 1011 2821 κολάζειν
1039 2735 1218 2821 ἀξιοῦν,
1207 2731 1262 2806 σ’τι

246 2840 293 2931 μὴ
323 2841 412 2908 ἔστιν
439 2838 638 2932 ἀνίλρωπος,
674 2845 730 2908 καί
754 2865 818 2909 τοω
846 2838 954 2910 ἀλλων
985 2838 1113 2924 ζώων
1103 2844 1266 2916 ἕκαστον,

249 2939 293 3024 ἀς
313 2938 436 3024 ταύτης
457 2944 517 3024 τῆς
536 2947 647 3036 ψυχῆς
669 2948 698 3024 8)
727 2951 784 3012 καί
808 2942 852 3030 μὴ
875 2945 1043 3030 βελτίονος
1064 2941 1264 3034 τετυχήκασι

248 3071 343 3126 τινες.
381 3040 469 3112 Ἀλλ’
494 3042 600 3124 οὐδεὶς
621 3043 784 3135 ΙΦάλαρις
805 3042 910 3127 ὁίιτως
927 3044 1015 3138 ὠμός
1032 3075 1066 3116 τε
1087 3055 1142 3115 καί
1160 3046 1267 3131 ἀνείη-ι

248 3175 306 3230 τος
324 3145 367 3228 ὡς
385 3147 436 3216 ἐπί
452 3171 521 3214 τινι
538 3150 602 3214 τῶν
617 3144 704 3216 ὁάτω
716 3152 894 3236 γινομένων
915 3148 1063 3233 κολάζειν
1084 3149 1143 3220 τὸν
1164 3149 1263 3235 ποιεί..

248 3277 364 3323 σαντα.
401 3246 475 3319 Επί
490 3250 575 3317 τίσω
592 3246 651 3318 ὀῦν
668 3255 705 3316 αί
722 3246 873 3331 κολάσεις
894 3249 1039 3376 6666m
1045 3259 1117 3339 9);
1115 3251 1199 3345 οάγ
1214 3257 1265 3325 ἐπ’·

249 3354 363 3435 ἀλλοις
384 3355 488 3439 τισίνς
517 3354 568 3420 ἐπὶ
585 3357 645 3436 9ο)
670 3359 740 3432 ταῖς
746 3352 850 3477 παρὰ
869 3352 930 3438 τὴν
950 3354 1058 3426 ἀυτεῖν
1077 3357 1266 3452 μογθιηράν

249 3455 374 3548 ἀίρεσιν
397 3461 590 3583 γινομένοις.
634 3452 705 3551 Εφ
736 3445 780 3524 ὧν
807 3456 871 3552 γὰρ
901 3455 998 3528 ἀστοί
1025 3459 1085 3544 τὴν
1111 3465 1267 3545 ἐξουσίαν

250 3561 308 3643 τῆς
332 3565 484 3650 αἱρέσεως
518 3562 659 3684 ίγρνιις,
695 3559 932 3644 καταλιπόντες
964 3561 1022 3636 τὸν
1047 3564 1173 3635 σκοπὸν
1197 3570 1267 3635 τῶν

186 3709 189 3719 ·
246 3664 497 3782 πραττομένων,
519 3660 574 3758 ἀφ’
601 3662 710 3734 ἀυτῶν
729 3669 772 3747 ¹⁰)
794 3671 971 3734 ποιεῖσθαι
989 3663 1062 3735 τότε
1081 3667 1185 3738 καλὸν
1206 3679 1265 3740 καί

250 3763 310 3846 τὸν
332 3760 434 3854 νόμον
459 3768 522 3848 ¹¹),
557 3773 692 3859 κέρδους
722 3773 768 3851 ¹¹³)
792 3765 911 3860 χάριν,
954 3769 977 3853 6
1004 3768 1124 3854 ἡδονῆς
1151 3801 1261 3898 τμως

251 3863 469 3959 ὑπερορῶντες
499 3871 623 3938 ἐκείνων
652 3868 834 3962 πράττουσι
872 3872 916 3943 τά
944 3879 1079 3966 φαῦλα,
1120 3875 1270 3961 τούτους
