2748 4514
190 345 249 408 166

187 509 287 581 νύσιν.
326 504 429 576 Ἡὲ
395 510 429 574 δὲ
451 501 529 593 τύχη
551 509 606 568 καὶ
628 498 665 567 τὸ
691 492 879 586 ἆυτὸματον
899 497 931 560 έν
949 497 1017 572 τοῖς
1040 488 1125 560 66⁸
1107 489 1191 559 αυτοὶ

186 617 388 704 χιχνομένοις
416 605 474 675 ὀύκ
500 611 587 673 ἐστιν
609 600 805 722 ένύτιιιρχον
838 597 877 664 τὸ
901 595 965 716 666
988 593 1072 664 6666
1093 598 1190 663 τοῦτο

178 713 374 806 ,γιγνόμενον
400 711 485 780 κατὰ
507 706 626 797 τύχην,
663 702 721 772 οὐκ
743 704 805 791 ἔχει
829 699 888 784 την
905 697 1006 827 τύχην
1028 702 1061 766 έν
1082 695 1190 790 ἀντῷ·

186 819 242 888 666
258 825 413 886 ταυτα
378 820 413 884 δ
428 809 537 882 066‘
515 841 557 891 ως
572 806 656 887 έῖὸὁς
667 834 701 875 τε
718 833 774 875 και
787 803 825 872 τὸ
847 806 879 870 τέ
899 803 940 886 ιἠν
954 807 1036 870 ἐῐναι
1057 797 1136 885 ⁴)''
1102 827 1193 869 αιτιοι

187 925 293 991 ταῦτα
318 930 387 1001 τοῖς
412 915 450 986 δι
481 912 582 985 ἇυτα·
618 910 737 1034 τὸμὲν
760 908 824 1001 χὰρ
846 907 971 986 έῑδος
956 902 1126 994 ινυττάρχει
1147 907 1192 996 τῷ

188 1022 228 1094 66
246 1021 352 1092 66666
369 1027 455 1103 ἐστι,
477 1015 667 1109 χιχνόμινον
683 1018 716 1082 έν
733 1041 769 1109 τη
757 1006 845 1097 ύλη
863 1038 917 1078 και
934 1014 1047 1098 μένον,
1069 1005 1193 1075 τούτων

188 1133 223 1196 δὲ
244 1123 423 1217 οὐδέτερον.
461 1120 567 1192 Ἀλλὰ
585 1119 651 1211 μὴν
668 1112 776 1186 066⁹
748 1145 795 1236 ὡς
809 1119 902 1194 τέλος
917 1120 972 1180 καὶ
984 1109 1023 1179 τὸ
1038 1107 1078 1180 66
1094 1115 1195 1181 ἕνεκεν

187 1225 336 1311 ἄιτιονὴ
363 1225 504 1347 τύχητε
530 1231 585 1292 καὶ
610 1222 649 1291 τὸ
675 1215 880 1345 ἇυτὸματον·
913 1213 1018 1284 οὐδενὶ
1006 1213 1106 1307 ὶγάρ
1133 1217 1195 1282 τὼν

187 1337 383 1457 χιχνομένων
405 1326 424 1412 ἡ
446 1325 525 1416 τύχη
548 1321 689 1407 σκοπός·
712 1318 836 1416 έκύστῳ
850 1330 909 1410 μὲν
926 1319 990 1412 χαρ
1004 1322 1068 1386 τῶν
1085 1343 1193 1406 χιχνο-

186 1440 290 1525 μένων
314 1437 415 1500 ένοκέν
440 1456 528 1508 τινος
557 1452 733 1519 ὡρισμένος
755 1452 773 1492 ο
800 1422 937 1504 σκοτιὸς,
974 1419 1194 1512 ιἰόριστονὲ
1160 1425 1194 1488 δὲ

125 1619 128 1626 ⁴
187 1533 311 1605 τούτων
339 1531 500 1624 ἑκάτερον.
552 1528 659 1600 6666
685 1527 751 1618 μὴν
777 1531 805 1594 έι
830 1531 862 1594 ἐν
882 1530 993 1616 μηδενὶ
1013 1527 1076 1593 τὼν
1097 1527 1194 1617 τριιῖιν

187 1636 300 1707 ἆιτὶιου
318 1634 442 1705 τούτων
463 1640 548 1703 ἐστὶν
568 1630 588 1717 ἡ
610 1630 708 1722 τύχη,
735 1629 758 1714 ἢ
777 1626 914 1708 οὐδενός
927 1633 1015 1696 ἐστιν
1041 1624 1132 1695 ἆιτὶα
1144 1681 1153 1710 ,
1174 1624 1194 1709 ἢ

187 1745 233 1824 έίη
253 1737 293 1808 66
317 1743 349 1808 έν
370 1746 440 1818 τοῖς
460 1743 653 1820 ποιητικοῖς.
696 1739 767 1803 Καὶ
784 1732 851 1828 μὴν
868 1731 911 1799 τὰ
928 1728 1083 1812 ποιητικὰ
1104 1727 1194 1798 ἆέτια

187 1843 276 1923 τινὸς
297 1847 398 1911 ἕνεκεν
417 1848 507 1910 τιοιιῐ
520 1839 563 1908 τὼ
579 1835 754 1928 χιχνόμευα
771 1835 854 1927 πρὸς
872 1833 995 1914 ἆυτὼν,
1032 1839 1085 1900 καὶ
1109 1833 1196 1901 ἔστιν

188 1944 302 2066 ἆυτοῖς
334 1941 511 2038 ὡρισμένον
539 1951 571 2011 τὶ
602 1947 695 2021 τέλος
725 1941 951 2062 προκείμενον,
989 1928 1095 2029 ὡσπερ
1116 1930 1138 2019 6'
1163 1963 1195 2004 τε

188 2047 305 2143 φύσις,
339 2055 394 2115 καὶ
418 2044 439 2129 ἡ
467 2051 560 2166 τέχνη
550 2049 629 2127 χ5),
667 2071 722 2110 και
745 2039 766 2125 ἡ
789 2043 994 2162 προαίρεσις,
1031 2038 1136 2109 οὐδενὶ
1163 2067 1196 2108 τε

89 2167 95 2177 ·
186 2149 311 2218 τούτων
330 2147 466 2230 ταυτὸν,
489 2144 562 2214 ὃύτι
581 2146 617 2214 τὸ
615 2143 842 2271 σἰυτόματον,
865 2142 938 2212 ὀύτι
953 2139 972 2228 ἡ
989 2140 1078 2233 τύχη.
1091 2142 1196 2213 Ἆλλο

96 2309 98 2313 ,
186 2249 250 2344 χοὶρ
270 2277 302 2319 τι
321 2249 413 2343 παρὰ
433 2253 540 2318 ταῦτα
565 2245 688 2318 τούτων
712 2244 865 2375 ἑκάτερον
883 2252 965 2316 έῐναι
987 2251 1084 2317 δοκει.
1127 2251 1196 2315 Και

103 2401 105 2406 -
186 2353 229 2422 66
255 2359 314 2444 μέν
346 2357 435 2422 ἐστιν
462 2349 642 2484 ὡρισμένα,
678 2359 733 2420 και
765 2349 813 2444 ἐφ
843 2347 1030 2472 ὡρισμένον
1050 2349 1122 2437 ἄχει
1147 2354 1195 2419 τί

187 2455 333 2526 ἄστατον
351 2458 438 2540 ⁶)66
460 2463 516 2524 και
530 2479 689 2547 αοριστον
706 2453 744 2520 τὸ
766 2457 824 2536 τῆς
797 2452 951 2542 ηςτύχης.
988 2449 1040 2521 Ει
1055 2452 1095 2536 δὴ
1111 2458 1202 2522 δοκεῖ

186 2571 246 2650 μέν
269 2558 360 2629 ἆίτια
382 2563 476 2629 τινὼν
498 2563 597 2641 έῖναι,
618 2561 731 2647 μηδενὶ
746 2561 782 2625 δέ
796 2559 864 2623 ἐστι
879 2558 942 2624 τὼν
955 2553 1066 2625 ἆιτίων
1080 2555 1197 2639 τᾶντά,

186 2661 400 2746 κινδυνεύειν)
423 2659 501 2752 μηδ’
523 2655 606 2740 ὅλως
627 2665 726 2742 έῑναι,
754 2658 775 2743 ἢ
797 2657 898 2738 ἄλλός
918 2685 968 2738 τις
989 2657 1100 2729 σἰιτίων
1120 2657 1198 2752 τρό·

185 2791 248 2845 ,τος
270 2771 429 2848 ζητητέος.
482 2757 685 2848 Μηδὲύλως
704 2773 764 2853 μέν
786 2761 843 2832 666
866 2768 968 2852 λέγειν
988 2768 1070 2832 έῑναι
1093 2761 1197 2846 ἆυτὼι,

186 2865 329 2948 ἄτοπον,
355 2866 536 2959 πράγματα
559 2865 721 2950 τοσαύτην
742 2865 833 2957 ἰσχὺν
854 2872 887 2936 ἐν
908 2875 977 2946 τοῖς
1001 2865 1095 2936 ὃῦοιν
1116 2869 1197 2956 ἔχειν

185 2973 438 3058 πεπιστευμένα·
473 2969 576 3052 ἄλλος
607 2973 643 3042 δέ
669 2974 718 3050 τίς
748 2967 818 3038 κοτ’
850 2969 890 3038 66
923 2974 969 3054 έίη
999 2968 1102 3062 παρὰ,
1120 2969 1198 3048 τοὺς

186 3077 450 3196 προειρημένους
460 3069 603 3200 τρύαους
618 3074 646 3153 ⁷)
664 3071 787 3157 6666,-
829 3070 959 3159 Μητιοέ
984 3072 1058 3156 ὀύν,
1081 3079 1146 3142 ἐπεὶ
1167 3081 1196 3155 8)

186 3180 250 3245 τῶν
267 3174 388 3250 ἄιτίων
413 3173 455 3242 τα
476 3181 535 3264 μέν
555 3179 623 3243 ἐστι
643 3173 769 3243 καθΗ
749 3175 853 3258 6666,
882 3178 924 3244 τὰ
953 3181 987 3246 δὲ
1006 3175 1092 3245 κατὰ
1115 3203 1198 3266 συμ-

185 3275 341 3368 βεβηκός·
377 3279 447 3346 ἐστι
468 3274 532 3370 χάρ
555 3303 631 3346 τινα
652 3286 708 3346 καὶ
735 3278 821 3347 κατὰ
850 3279 1104 3406 σμμβιβηκός’
1084 3285 1196 3372 αἰτια·

184 3379 224 3449 τὸ
239 3380 356 3476 χὰρ
322 3409 366 3450 τοι
351 3379 513 3450 *³²66
493 3375 575 3451 αντὸ
597 3389 652 3450 καὶ
674 3385 791 3475 κυρίως
807 3381 899 3478 ἆιτίιμ
921 3384 1010 3464 τινὸς
1032 3367 1198 3474 συμβεβη-

185 3483 263 3564 κὸς,
299 3483 384 3552 κατὰ
379 3483 656 3612 συμβεβηκὸς
636 3487 757 3570 αι’τιον,
790 3495 845 3556 καὶ
866 3487 948 3556 ἆυτὸ
971 3491 1069 3557 τοῦτο
1093 3513 1197 3580 προη-

185 3591 352 3712 χουμὲνιος
374 3613 415 3670 ην
436 3587 595 3682 ἇίτιον,
581 3581 607 3656 6
627 3593 726 3658 τοῦτο
746 3586 951 3684 ουμβεβηκιι.
990 3587 1108 3714 :6606
1089 3589 1196 3683 νχὰρ

168 3789 272 3860 κατὰ
291 3795 561 3880 συμβεβηκὸς,’
548 3823 576 3864 ει
597 3799 644 3880 έίη
662 3798 708 3890 τῷ
729 3794 832 3890 ἰατρῷ
854 3799 952 3866 τοῦτο
975 3794 1196 3887 συμβεβηκὸς·

186 3891 226 3966 τὸ
242 3893 307 3998 γὰρ,
328 3895 533 3986 συμβεβηκὸς
555 3901 600 3992 τῷ
620 3899 768 3970 ποιοῦντι
790 3899 959 3983 ποιητικὸν
982 3898 1086 3968 ἆέτιον
1110 3892 1197 3974 κατὰ
