2790 4512
1077 297 1138 366 ns
1228 397 1229 404 Ν

136 473 200 542 citu
218 483 251 540 et
272 493 429 559 percussu
449 481 543 558 etque
561 472 644 538 inte't‘
660 493 694 536 se
716 463 903 536 cohaesione
923 472 1026 536 omniu
1048 473 1135 548 aiunt

135 579 183 648 sic
201 579 396 654 rehabere,
420 586 452 640 et
467 576 557 653 fieri,
580 588 679 661 prout
701 575 754 640 illa
774 573 964 654 coaluerint,
992 597 1032 642 ex
1054 599 1094 641 eo
1109 586 1141 640 et

137 703 235 771 ogere
265 692 299 747 et
323 680 408 764 pati,
442 679 533 764 quin
547 691 578 744 et
599 691 730 745 nostrus
755 699 801 741 cx*
816 679 957 760 appetitu
982 681 1138 746 motiones

137 798 175 854 et'
193 783 440 854 constitutiones
467 782 560 847 enimi
579 782 711 866 perinde
734 775 906 846 rehabere
929 795 964 846 ut
985 784 1038 848 illa
1063 787 1140 848 alle·

136 889 258 968 cerins,
283 888 502 952 necessitatem
524 889 604 950 banc
626 897 658 950 ct
682 907 763 970 quae
782 886 855 950 inde
876 888 1080 971 consequitur
1101 893 1140 953 ed

137 1015 190 1060 res
222 1011 337 1058 omnes
362 993 567 1076 protendunt.
626 992 723 1072 Quod
756 990 784 1055 si
812 990 880 1074 quis
897 991 968 1055 *alia
1004 1012 1143 1074 corpora

139 1109 258 1164 statua
281 1093 544 1178 comprincipia,
573 1096 655 1158 unde
678 1094 756 1158 fiant
777 1097 899 1171 omnia,
931 1094 1013 1159 idem
1038 1097 1142 1160 onmia
1181 1143 1186 1155 .
1252 1159 1256 1161 ,

136 1201 248 1268 statuit
272 1198 414 1264 subiecta
438 1198 641 1263 fluenti‘inde
668 1199 859 1263 necessitati.
904 1199 968 1280 Qui
998 1223 1078 1267 vero
1104 1198 1143 1262 ud

137 1303 331 1390 principium
352 1301 481 1366 veniunt
505 1301 662 1380 tmiversi,
697 1303 791 1368 etiam
811 1304 845 1368 hi
861 1305 901 1367 ab
920 1325 961 1370 eo
985 1307 1141 1369 deducunt

138 1407 272 1485 omnia,
295 1404 433 1470 dicentes
452 1427 520 1469 eam
540 1425 609 1470 esse
630 1423 755 1472 causatu
780 1423 861 1492 quiae
879 1409 1064 1492 per-omnia
1085 1429 1142 1492 pe·

138 1523 263 1589 mat,
299 1509 382 1574 benc
417 1529 487 1574 esse
518 1509 642 1574 unicam
673 1533 753 1595 quae
780 1523 893 1576 cuncta
924 1533 989 1577 non
1015 1523 1143 1578 moveat

136 1627 281 1702 tamnu,
321 1616 377 1678 sed
397 1600 590 1691 etei'ticiut,¹
617 1615 699 1677 benc
723 1635 791 1678 esse
817 1615 953 1681 dicentes
972 1616 1090 1678 Fatum*
1112 1625 1145 1680 et

137 1739 269 1784 mnsam
280 1717 411 1800 proprie
424 1717 548 1794 dictam,
569 1706 650 1801 quae
664 1718 769 1783 omnia
783 1718 895 1783 efficiet
908 1729 945 1782 ut
953 1718 1064 1783 'omnia
1076 1731 1142 1784 non

138 1824 241 1887 modo
264 1821 607 1904 cuccumellum,
642 1824 751 1887 sedet
779 1822 988 1908 cogitationes
1014 1835 1144 1886 nostrae

139 1947 184 1990 ex
205 1922 307 2008 ipsius
329 1923 518 2000 motionibus
539 1927 733 2008 procedunt,
771 1927 863 2010 plane
885 1925 977 2010 quasi
1001 1928 1142 1989 membre

139 2025 329 2104 mimantis,
350 2048 490 2111 quorum
511 2026 634 2113 singula
654 2049 720 2094 non
741 2041 910 2095 moventur
934 2049 1054 2108 exse,
1089 2011 1145 2092 sed

140 2151 183 2196 ex
204 2151 246 2196 eo
272 2132 359 2215 quod
381 2131 414 2194 in
428 2151 569 2216 *quoque
590 2130 752 2196 ‘anunente
775 2133 951 2217 principale
974 2145 1034 2197 est.
1078 2131 1145 2197 Atii

140 2255 224 2300 vero
250 2233 525 2301 circumactionem
552 2234 692 2299 universi
724 2257 804 2320 quae
831 2259 891 2301 nos
924 2236 1145 2321 complectitur

141 2337 253 2402 dicunt
283 2357 339 2400 sua
369 2337 509 2403 motione
541 2361 666 2402 ceruum
698 2361 766 2403 esse
801 2361 860 2404 cur
895 2340 972 2403 fiant
1000 2339 1142 2424 singula,

140 2439 302 2524 utcmque
316 2441 467 2504 babentes
488 2443 648 2506 stellarum
670 2455 735 2506 tum
753 2443 953 2528 vegentium,
990 2454 1057 2504 tum
1081 2451 1144 2504 stu·

139 2543 252 2609 bilium
276 2543 391 2606 mutuis
419 2545 502 2608 inter
523 2567 557 2608 se
582 2546 742 2609 habitibus
763 2559 794 2609 et
815 2543 1076 2632 figurationibus,
1101 2547 1145 2608 ob

141 2667 181 2710 ea
195 2661 276 2730 quae
291 2645 364 2709 inde
378 2647 520 2729 praedici
537 2651 641 2713 solent
657 2650 796 2714 inserunt
814 2651 936 2734 singula
950 2648 1031 2711 lieri.
1067 2648 1146 2710 Inde

142 2769 213 2814 esse
237 2752 325 2832 quod
351 2769 463 2816 causac
486 2751 568 2816 inter
593 2773 628 2816 se
654 2753 901 2836 complicentur,
934 2751 1007 2815 inde
1031 2771 1146 2814 nexum

143 2851 330 2929 asummis,
354 2865 386 2916 ct
410 2857 497 2938 quod
517 2877 559 2918 ex
577 2856 739 2939 prioribus
760 2838 940 2939 posteriora
961 2866 1144 2940 sequuntur,

143 2966 176 3020 et
196 2957 292 3020 adea
316 2957 467 3034 redeunt,
501 2961 584 3022 unde
608 2959 693 3022 famu
714 2959 776 3024 sint
796 2971 828 3023 et
851 2958 917 3023 sine
939 2959 1053 3044 quibus
1075 2968 1145 3021 'non

143 3058 340 3136 extitissent,
371 3070 403 3122 et
428 3059 472 3124 ita
495 3060 636 3126 subiecta
660 3062 723 3126 sint
750 3063 1003 3128 antecedentibus
1032 3081 1145 3124 conse-

144 3160 285 3245 quentiu-
342 3161 433 3226 Haec
464 3163 518 3247 qui
548 3163 648 3242 dicet,
686 3187 757 3229 eum
784 3178 921 3250 -npparet
956 3164 1018 3228 alio
1038 3165 1145 3226 unedo

143 3265 261 3328 Fatum
284 3262 444 3329 inducere.
488 3267 551 3330 Sed
572 3279 603 3331 et
627 3269 688 3331 bos
707 3269 761 3352 qui
780 3270 812 3332 in
830 3273 906 3332 ditas
931 3269 1046 3330 classes
1069 3285 1145 3347 par-

142 3367 243 3433 tietur
264 3387 282 3428 a
301 3385 383 3432 vero
404 3389 469 3438 non
489 3371 662 3440 aberrabit.
707 3373 787 3435 Nam
811 3372 862 3440 alii
884 3374 923 3434 ab
948 3389 1014 3434 uno
1040 3368 1145 3432 omnia

142 3469 362 3553 suspendunt,
385 3471 435 3536 alii
454 3494 518 3538 non
538 3473 625 3542 item.
669 3475 720 3540 De
744 3475 793 3540 his
817 3476 939 3540 dicetur
967 3497 1026 3540 suo
1054 3477 1146 3541 loco·

145 3575 239 3638 Nunc
262 3593 343 3637 vero
360 3594 465 3640 sermo
490 3577 529 3640 ad
549 3578 670 3660 primos
690 3580 763 3646 illos
784 3579 888 3646 redire
910 3581 1020 3658 debet,
1052 3593 1089 3648 ut
1107 3584 1145 3650 de

146 3675 276 3742 cuuis
299 3697 359 3744 suo
381 3677 491 3744 ordine
515 3680 686 3750 videamus.
