2754 4510
1079 311 1138 375 att

130 497 247 556 scere,
286 488 340 542 aut
367 475 526 543 hominem
547 487 694 562 tanquam
722 477 855 542 stellam.
900 481 1009 562 Qualis
1036 481 1134 566 igitur

130 583 214 646 haec
243 592 291 646 est
323 580 485 666 cognitio,
523 601 603 664 quae
634 582 672 644 dc
708 601 744 645 re
776 581 905 669 cognita
933 583 1016 647 aliud
1038 586 1131 667 quid,

132 708 230 770 quam
260 689 349 770 quod
371 685 403 750 in
428 685 496 768 ipsa
517 697 582 762 est,
613 684 802 770 cognoscit?
837 687 1009 752 Praeterea
1032 686 1134 752 omni-

133 791 197 854 bus
213 787 416 871 philosophis
435 800 483 852 est
503 787 534 853 in
555 788 704 852 confesso
724 788 829 852 Deum
855 791 1017 873 operando
1038 811 1134 856 nosse

137 891 256 958 omnia.
303 891 338 954 Si
357 889 456 976 igitur
479 893 643 972 operando
669 890 773 955 omnia
795 891 902 970 novit,
935 913 1063 956 necesse
1088 906 1136 956 est

138 993 234 1060 ctiam
274 993 418 1071 definiat,
460 1015 663 1078 quaecunque
695 993 806 1058 lecerit
833 1007 886 1058 aut
924 995 1131 1081 cognoverit,

138 1099 283 1180 adeoque
301 1096 378 1158 nihil
393 1096 588 1181 relinquatur
607 1096 800 1162 indefinitum
818 1119 947 1176 eorum,
971 1119 1051 1183 quae
1064 1081 1134 1181 ipsc

138 1201 193 1264 vel
212 1197 389 1264 immediate
418 1198 469 1264 vel
490 1221 550 1282 per
574 1201 674 1264 media
696 1200 829 1278 fecerit,
853 1213 907 1264 aut
931 1200 1132 1286 cognoverit.

141 1302 259 1368 Omnia
278 1322 359 1366 vero
388 1324 468 1386 quae
498 1304 584 1367 bona
610 1315 683 1368 sunt
705 1303 812 1368 lacere
841 1303 1019 1368 necessario
1043 1306 1137 1368 debet

143 1417 176 1470 et
202 1425 319 1484 nosse,
354 1403 413 1468 nisi
440 1426 549 1472 manca
573 1407 684 1472 debeat
711 1404 777 1470 eius
802 1416 834 1470 et
857 1406 1055 1489 providentia
1083 1409 1139 1472 de-

141 1507 296 1592 prehendi
317 1517 349 1570 et
369 1508 523 1593 cognitio.
567 1510 656 1574 Mala
678 1521 797 1587 antem,
822 1531 903 1594 quae
919 1509 1063 1574 nimirum
1082 1511 1137 1572 dc·

142 1611 323 1700 gerationcs
352 1624 424 1674 orent
454 1613 495 1674 ab
524 1613 628 1688 Ente,
666 1613 830 1696 nequidem
858 1633 951 1676 causa
977 1612 1136 1696 indigent,

142 1727 177 1778 ut
204 1717 286 1779 adeo
308 1714 394 1780 Deus
416 1715 579 1798 nequidem
605 1737 664 1798 per
691 1715 907 1796 providentiae
932 1726 963 1777 et
988 1715 1060 1777 Fati
1086 1736 1139 1777 ra-

142 1817 264 1884 tionem
284 1819 324 1879 ad
340 1829 513 1880 extremum
532 1820 730 1900 perductam,
767 1817 882 1881 horum
904 1833 1014 1880 causae
1034 1816 1140 1880 invol-
1167 1837 1169 1842 ·

145 1931 253 1984 vaur.
309 1921 444 1984 Tantum
469 1919 526 1982 tibi
556 1921 784 2006 respondemus
815 1921 853 1983 ad
883 1918 998 1996 dubia,
1036 1917 1140 1996 Viro,
1169 1937 1174 1946 ’

143 2021 247 2108 qualia
269 2034 304 2085 tn
324 2042 376 2100 es,
399 2024 583 2088 suffectiua.

259 2165 437 2218 Testimonia
457 2167 497 2218 ad
514 2167 716 2238 Quaestionem
735 2169 768 2222 de
786 2171 870 2223 Fato.

211 2313 280 2378 Pro
306 2311 380 2386 Fati
400 2324 503 2376 autem
524 2312 645 2378 ratione
662 2316 780 2378 nullum
802 2314 885 2378 aliud
906 2314 963 2378 tibi
983 2315 1144 2376 exhibebo

149 2416 379 2494 testimonium,
414 2438 509 2498 quam
530 2415 607 2479 illud
628 2418 770 2480 Platonis
795 2417 911 2499 ipsius,
949 2417 1080 2498 petitum
1101 2437 1143 2477 ex

150 2520 354 2605 Epinomide.
399 2567 414 2596 ,‚
422 2518 574 2596 Animae,
604 2518 721 2602 inquit,
745 2519 932 2594 necessitas,
957 2539 1042 2610 quae·
1059 2539 1145 2580 meu-

151 2638 235 2698 ,tcm
260 2622 421 2706 possidet,
452 2617 590 2688 omnium
608 2620 824 2684 necessitatum
846 2632 894 2684 est
915 2619 1066 2693 maxima3
1087 2619 1147 2682 im·

151 2749 286 2812 „perans
310 2726 409 2804 enim,
438 2724 515 2788 nulli
541 2744 620 2788 vero
640 2745 753 2805 parcns
774 2725 861 2808 leges
883 2726 948 2788 dat.
996 2724 1148 2788 Immuta·

151 2829 278 2906 ,bilitas
311 2849 391 2892 vero
419 2827 489 2903 illa,
527 2846 598 2889 cum
634 2827 734 2890 anima
768 2826 919 2909 optimum
955 2825 1149 2890 consuluerit

152 2933 345 3010 ,secundum
368 2930 516 3014 optimam
538 2941 689 3006 mentem,
712 2950 789 2992 vere
813 2928 954 3011 perlecta
978 2928 1015 2992 fit
1036 2949 1147 2992 secuu-

153 3037 250 3111 ,dum
270 3045 425 3110 mentem,
449 3044 481 3097 et
498 3055 537 3097 ne
552 3035 675 3098 adamas
694 3033 819 3116 quidem
836 3032 889 3096 illa
905 3031 1024 3098 fortior
1040 3030 1148 3107 luerit,

153 3152 230 3216 ,aut
249 3137 352 3222 magis
373 3135 589 3212 immutabilis,
614 3138 670 3199 sed
689 3155 804 3206 revera
820 3147 885 3199 tres
907 3136 1031 3199 Parcae
1054 3132 1149 3197 effici·

153 3254 230 3318 ,unt
250 3251 283 3306 et
302 3251 481 3325 praestant,
504 3251 539 3304 nt
552 3239 726 3322 perfectum
740 3238 797 3314 sit,
821 3238 908 3321 quod
929 3236 1050 3318 optimo
1071 3255 1150 3299 oon-

154 3346 246 3422 ,silio
272 3347 432 3408 decretum
459 3354 507 3406 est
533 3341 701 3425 unicoque
719 3337 897 3406 neamus·
940 3338 1048 3419 Quare
1069 3340 1150 3402 mul-

155 3463 221 3514 tum
244 3451 350 3524 abest,
385 3458 420 3510 ut
440 3445 584 3510 Platonis
603 3442 703 3508 secuti
720 3442 781 3506 sint
799 3453 948 3518 mentem,
979 3439 1034 3525 qui
1050 3443 1150 3506 effoe-

157 3554 289 3618 minatae
313 3551 432 3616 animae
457 3549 635 3632 opinionem
662 3546 767 3609 dicunt
784 3545 868 3608 illam
893 3547 931 3606 de
945 3545 1045 3622 Fato,
1070 3566 1150 3629 qno·

158 3659 238 3724 niam
266 3656 294 3720 is
323 3652 565 3738 sapientissimae
599 3649 718 3714 animae
746 3646 909 3712 maximam
939 3649 1153 3712 necessitatem
1188 3642 1192 3650 '

138 3760 305 3846 imponit.
351 3757 413 3820 Sed
440 3755 524 3822 forte
555 3753 624 3837 quis
655 3751 809 3818 existimet
833 3751 952 3816 animae
982 3750 1154 3816 irrationali

159 3866 244 3932 illum
267 3880 448 3945 nonaeque
467 3859 630 3942 imponere
649 3856 802 3940 quandam
823 3854 1048 3920 necessitatem.
1094 3847 1154 3916 Sed
