2790 4512
1019 367 1022 374 ⁴
1098 343 1177 404 145·

134 511 239 586 etiam
261 513 296 576 in
317 520 435 573 nostro
454 505 604 581 arbitrio,
628 506 661 568 id
683 525 763 570 vero
784 508 862 582 adeo
880 506 1155 589 perspicuumst,

134 628 245 680 utne
274 611 323 677 illi
350 611 500 695 quidem,
538 609 593 693 qui
620 630 671 671 res
697 609 770 672 Fati
793 621 939 692 tanquam
965 608 1156 686 necessarias

138 716 371 779 corroborare
389 712 568 788 enituntur,
602 711 676 774 huic
693 710 811 792 placito
829 712 998 774 reclamare
1019 709 1155 792 possint.

140 818 273 901 Atqui,
303 815 339 878 'si
360 813 478 896 aliquid
501 810 600 875 estin
626 824 738 876 nostro
765 812 918 889 arbitrio,
952 814 1047 897 idque
1075 814 1158 876 circa

142 939 187 982 ea
228 929 393 992 versatur,
444 915 528 977 circa
559 936 639 998 quae
667 914 800 998 *versari
837 917 950 978 Fatum
981 916 1157 1001 contingit,

142 1021 213 1084 iam
236 1020 361 1084 tollitur
383 1020 498 1082 Fatum
522 1037 590 1082 esse
611 1016 813 1093 inevitabile,
844 1001 1077 1100 insuperabile,
1102 1039 1157 1082 ne·

145 1122 335 1188 cessarium.
380 1121 525 1202 Quorum
550 1120 631 1182 enim
656 1140 716 1186 uos
741 1119 896 1204 principia
917 1143 1022 1184 sumus
1046 1122 1159 1184 uteli-

146 1247 264 1310 gamus
294 1225 347 1288 vel
365 1245 454 1300 non,
490 1223 569 1285 haec
596 1221 789 1305 impossibile
820 1235 886 1301 cst,
924 1235 960 1286 ut
987 1235 1098 1287 coacta
1114 1269 1116 1278 .
1130 1235 1162 1288 et
1197 1280 1200 1288 .

147 1327 329 1392 necessaria
358 1347 428 1390 esse
455 1325 608 1388 dicantur.
666 1327 767 1410 Atqui
791 1349 921 1392 necesse
950 1340 998 1390 est
1027 1327 1161 1411 eosqui

150 1443 297 1520 asserunt
316 1431 432 1494 Fatum
463 1450 548 1505 esse,
587 1429 670 1492 circa
699 1451 735 1493 ea
761 1431 884 1494 versari
914 1430 1037 1507 dicere,
1075 1430 1160 1494 circa
1213 1488 1216 1497 .

153 1555 240 1617 quae-
251 1545 419 1596 versantur
433 1553 513 1615 quae
532 1530 565 1594 in
579 1544 692 1596 nostro
705 1532 838 1597 arbitrio
854 1545 937 1598 sunt.
983 1534 1058 1596 sive
1078 1533 1159 1597 enim

152 1637 240 1700 solos
258 1636 338 1700 fines
358 1635 461 1704 dicant
482 1637 653 1698 secundum
677 1635 791 1698 Fatum
812 1635 898 1713 fieri,
931 1635 999 1698 sive
1021 1635 1158 1700 actiones

153 1761 229 1822 quas
251 1739 330 1802 fines
352 1749 543 1822 sequrmtur,
568 1737 724 1822 contingit
743 1749 882 1821 utroque
903 1740 999 1802 modo
1018 1749 1054 1800 ut
1076 1739 1159 1801 circa

154 1845 262 1905 eadem
286 1842 399 1904 Fatum
419 1862 546 1924 unoque
572 1842 668 1904 modo
689 1839 750 1916 sit,
776 1840 859 1924 circa
885 1862 965 1924 quae
987 1853 1158 1903 versantur
1228 1899 1230 1909 Α

153 1965 234 2028 quae
259 1943 291 2007 in
316 1944 478 2007 voluntate
499 1955 608 2006 nostra
633 1943 737 2024 posita
761 1955 845 2005 sunt.
891 1943 925 2006 Si
948 1943 1047 2027 igitur
1072 1943 1157 2026 quis·

153 2069 247 2130 qnam
276 2046 416 2110 actiones
445 2067 572 2130 quoque
600 2039 683 2108 Fato
717 2066 787 2108 esse
819 2045 922 2123 dicat,
970 2045 1043 2110 bine
1073 2057 1160 2129 patet

153 2149 293 2233 positio,
328 2147 360 2212 in
384 2149 432 2212 bis
457 2149 538 2212 enim
559 2160 607 2212 est
625 2169 752 2231 quoque
775 2147 909 2212 liberum
929 2147 1109 2224 arbitrium3
1133 2148 1160 2212 si

153 2265 259 2316 antem
281 2251 362 2316 fines
390 2254 567 2328 dumtaxat,
607 2271 742 2334 quorum
768 2251 870 2336 gratia
900 2251 1038 2315 actiones
1067 2263 1157 2328 sunt,
1240 2259 1243 2270 “

152 2357 211 2419 sed
237 2367 312 2438 post
345 2355 423 2417 tales
450 2355 587 2419 actiones
618 2353 696 2417 tales
728 2354 807 2416 fines
838 2367 1037 2438 sequuntur,
1076 2357 1161 2434 (non

153 2457 237 2522 enim
252 2479 300 2535 ea,
325 2477 406 2541 quae
422 2460 707 2540 quomodocunque
717 2457 803 2519 facta
817 2469 899 2533 sunt,
923 2457 1065 2541 sequitur
1080 2457 1161 2519 idem

153 2561 239 2641 finis)
256 2581 386 2625 neeesse
407 2572 455 2622 est
471 2561 569 2645 igitur
589 2572 623 2622 ut
649 2557 787 2622 actiones
806 2581 951 2642 quoque,
983 2581 1061 2642 quas
1081 2553 1159 2623 fines

154 2664 309 2727 eiusmodi
340 2675 530 2746 sequantur,
570 2664 653 2726 Fato
680 2674 806 2724 coactas
834 2683 903 2725 esse
926 2662 1041 2724 dicant.
1085 2664 1160 2724 Non

154 2767 237 2830 enim
257 2779 407 2850 sequetur
427 2765 498 2828 finis
517 2768 685 2842 secundum
699 2765 812 2827 Fatum
834 2764 898 2838 nisi,
915 2765 1053 2828 actiones
1068 2787 1161 2846 prae-

154 2870 305 2934 cesserint
319 2889 400 2952 quae
422 2871 661 2950 superducant.
685 2869 728 2929 Et
742 2867 875 2928 liberum
891 2867 982 2932 etiam
998 2868 1161 2931 arbitrium

153 2972 237 3035 circa
263 2973 342 3034 haec
364 2982 523 3034 versatum.
572 2971 653 3033 Esse
678 2969 758 3031 enim
784 2969 900 3053 aliquid
921 2969 952 3032 in
973 2983 1085 3034 nostro
1110 2994 1160 3032 ar·
1198 3043 1201 3048 Ι

152 3074 267 3151 bitrio,
301 3074 376 3136 binc
401 3073 492 3136 etiam
518 3072 627 3157 colligi
651 3084 777 3154 potest,
813 3073 955 3136 simodo
978 3073 1009 3136 in
1031 3073 1160 3138 eviden-

154 3177 238 3239 tibus
261 3176 542 3240 demonstrationes
569 3177 766 3238 adducendae
789 3187 879 3252 sunt,
914 3175 1049 3257 primum
1075 3178 1163 3258 quod

154 3279 233 3342 nibil
261 3301 371 3342 eorum
400 3300 479 3362 quae
512 3299 530 3340 a
564 3290 675 3341 natura
704 3278 874 3362 praecipue
907 3278 1004 3353 fiunt,
1041 3278 1162 3340 frustra

154 3381 235 3445 fiat:
273 3382 305 3444 in
328 3381 506 3446 hominibus
530 3392 631 3444 autem
662 3392 710 3443 est
738 3379 925 3444 consultatio
957 3380 1159 3458 naturaliter,

154 3496 185 3546 et
203 3482 409 3566 praecipuum
428 3483 519 3546 etiam
538 3496 667 3552 natiuae
685 3505 765 3565 opus
785 3483 950 3566 (siquidem
970 3503 1006 3546 ea
1028 3483 1162 3546 niaxime

156 3587 283 3652 videtur
312 3589 411 3650 homo
443 3607 461 3648 a
492 3586 619 3669 reliquis
649 3585 854 3648 animantibus
888 3584 1003 3648 distare
1013 3586 1038 3663 ,)
1078 3599 1164 3650 certe

153 3690 274 3756 trustra
293 3701 325 3752 et
340 3701 457 3752 temere
476 3689 560 3752 sacta
577 3689 653 3765 erit,
677 3688 704 3752 si
726 3688 904 3750 consultans
926 3689 1003 3752 nihil
1023 3711 1063 3751 ex
1084 3711 1166 3754 con-

154 3792 225 3856 silio
247 3791 367 3876 eligere
389 3804 508 3874 potest.
552 3793 676 3854 Verum
699 3802 846 3873 tanquam
868 3790 901 3854 id
918 3790 950 3854 in
972 3805 1083 3855 nostra
1103 3815 1183 3876 pop

155 3905 267 3960 mutate
290 3893 350 3970 sit,
388 3915 447 3959 nos
474 3892 535 3978 ipsi
560 3895 714 3958 derebus
737 3893 831 3968 nobis
857 3895 985 3980 agendis
1007 3895 1165 3961 consulta-

828 3999 869 4060 10
1093 3988 1099 4000 '
