2754 4510
266 336 328 399 210

264 602 426 688 γυναικῶν
445 608 645 690 μεσουραυεῖ
667 597 752 692 μετὰ
774 599 853 680 Διὸς
881 605 938 666 καὶ
957 596 1080 687 Ἄρεος
1112 601 1146 668 έν
1183 598 1286 679 ἰδίοις

266 693 358 792 ὅροις
383 697 404 784 ἡ
434 699 615 795 φιλόγελως
639 701 836 796 Ἀφροδίτη.
899 698 955 768 Ἐν
982 705 1019 768 δὲ
1048 703 1088 796 τῇ
1112 698 1284 796 Ἀραβία,

265 809 323 872 καὶ
347 806 386 900 τῇ
403 799 564 898 Ὀσροιγνῇ
585 798 629 886 ¹⁴)
653 801 691 871 οὐ
719 799 823 893 μόνον
847 807 883 870 αἱ
907 806 1096 892 μοιχαλίδες
1119 801 1286 896 φονεύον.

266 931 339 990 ται,
369 904 535 975 ἀλλὰκαὶ
560 903 903 995 ὑποπτευόμεναιοῦιι
929 903 1084 1000 ἀφίενται
1112 903 1285 996 ἀτιμώρη-

269 1035 332 1080 τοι.
387 1007 493 1100 Παρὰ
523 1007 687 1103 Πάρθοις
719 1011 762 1092 ¹⁵)
796 1016 852 1078 καί
879 1005 1065 1100 Ἀρμενίοις
1097 1013 1130 1076 οἱ
1166 1016 1285 1104 φονεῖς

268 1109 501 1205 ἀναιροῦνται,
533 1121 613 1181 ποτὲ
645 1121 704 1200 μὲν
732 1109 797 1180 ῦπὸ
828 1115 892 1180 τῶν
921 1113 1100 1194 δικαστῶν,
1133 1121 1216 1180 ποτε
1246 1116 1284 1180 δὲ

269 1212 334 1284 ῦπὸ
356 1218 420 1286 τῶν
441 1218 604 1304 συγγενῶν
625 1219 689 1284 τῶν
702 1220 953 1338 φονευομένων,
985 1221 1041 1285 και
1063 1211 1120 1284 εὀίν
1142 1241 1195 1295 τις
1216 1241 1283 1309 φο-

269 1315 367 1414 νεῦση
387 1326 528 1406 γυναῖκα
550 1315 670 1400 ἆυτου,
697 1316 718 1400 ἦ
713 1314 932 1406 “ῶδελφὸυ”
908 1343 1060 1400 ατεκυυυ,
1087 1345 1109 1400 η
1103 1314 1282 1440 ’ἀδελφὴν

159 1485 161 1490 .
269 1419 421 1511 ἄγαμον,
456 1419 478 1505 ἢ
510 1417 599 1503 ὑιὸν,
635 1418 656 1504 ἢ
684 1423 881 1513 θυγατέρα,
919 1417 979 1490 οῦκ
1006 1417 1232 1509 ἐγκαλεῖται
1216 1416 1281 1490 υπῦ

270 1549 377 1605 τινος,
398 1519 502 1616 νόμου
524 1519 678 1592 τοιούτου
699 1519 905 1654 ὑπάρχοντος
926 1526 960 1593 ἐν
974 1529 1048 1604 ταῖς
1059 1521 1188 1618 χώραις
1202 1525 1282 1593 ἐκεί-

268 1643 359 1708 ναις
394 1653 463 1717 παρ
492 1619 630 1710 Ἕλλησι
662 1631 698 1695 δέ
720 1633 777 1695 και
794 1623 974 1718 Ῥωμαίοις
995 1629 1118 1716 μείζονι
1140 1628 1283 1720 τιμωρία

267 1726 519 1846 ὑποβάλλονται
541 1735 573 1798 οἱ
594 1731 659 1799 τῶν
680 1727 806 1800 οικείωυ
833 1737 897 1798 καὶ
919 1734 1080 1819 συγγενῶν
1112 1733 1284 1825 φονευταί.

267 1822 323 1904 Ἔν
335 1827 474 1956 Ατρυις
495 1828 580 1918 ¹⁶)‘
563 1860 581 1902 ο
604 1837 748 1904 κλέπτων
770 1860 803 1902 τι
825 1830 949 1920 ὀβόλου
970 1832 1063 1916 οίξιου
1084 1830 1281 1918 λιθάζεται·

269 1935 537 2032 παραΒακτροις
545 1935 818 2025 ολιγακλεπτων
802 1953 993 2026 εμπτυεται
1008 1963 1101 2026 παρα
1088 1933 1283 2027 Ρωμαιοις

268 2045 410 2128 πληγαῖς
437 2038 612 2122 ἆικίζεται,
641 2041 788 2108 τοιοῦτοι
809 2037 874 2133 γὰρ
897 2044 929 2108 οἱ
950 2035 1058 2129 νόμοι.
1102 2035 1191 2110 Ἀπὸ
1207 2037 1283 2110 Ἰνυ-

271 2139 405 2240 φροίτου
426 2146 580 2232 ποταμοῦ
601 2147 657 2209 καὶ
677 2146 772 2235 μέχρι
793 2145 853 2210 τοῦ
870 2137 1032 2212 Ὠκεανοῦ
1062 2138 1106 2224 ῶς
1127 2147 1180 2213 ἐπὶ
1200 2139 1283 2213 σἰνα-

244 2297 246 2308 .
271 2243 394 2325 τολὰς,
428 2241 447 2312 ὁ
470 2241 722 2338 λοιδορούμενος
744 2241 787 2325 ῶς
808 2241 945 2340 φονεὺς,
976 2243 997 2330 ἢ
1019 2241 1063 2326 ῶς
1083 2249 1222 2331 κλέπτης
1243 2243 1283 2316 οῦ

271 2343 357 2418 πάνυ
379 2344 575 2436 ἀγανακτεῖ·
608 2343 628 2416 ὁ
651 2351 687 2416 δὲ
709 2343 753 2427 ῶς
774 2345 1006 2440 ἀρσενοκοίτης
1026 2346 1145 2418 ἑαυτὸν
1166 2353 1288 2420 έκδικεῖ

270 2455 367 2545 μέχρι
387 2459 442 2520 καὶ
465 2447 583 2546 φόνου.
636 2447 725 2543 Παρ’Ι
739 2442 879 2533 Ἕλλησι
907 2455 963 2519 καὶ
986 2456 1018 2520 οἱ
1040 2457 1140 2546 σοφοὶ
1162 2455 1284 2544 ἐρωμέ-

273 2581 351 2638 νους
378 2555 503 2646 ἔχοντες
531 2550 570 2623 οῦ
592 2559 765 2652 φέγονται.
814 2549 870 2622 Ἔν
890 2557 932 2650 τῇ
953 2551 1037 2652 ἀυτῇ
1054 2552 1218 2651 Ἀνατολῇ
1240 2557 1284 2639 ¹⁷)

272 2653 539 2788 ῦβριζόμενοι,’
523 2655 581 2728 εὰν
593 2653 849 2747 γυωσθῶσιν,“
831 2655 897 2726 υπὸ
919 2655 1114 2753 ῦδελφῶν”
1092 2687 1114 2742 η
1134 2663 1284 2753 πατέρων

109 2761 115 2770 ’
155 2755 161 2762 ’
262 2768 330 2844 Ικαὶ
356 2764 520 2851 συγγενῶν
547 2757 766 2857 φονεύονται,
801 2767 858 2830 και
886 2764 997 2858 ταφῆς
1024 2758 1194 2855 προδήλου
1224 2759 1282 2832 οῦκ

274 2857 453 2946 ἀξιοῦνται.
487 2863 593 2957 Παρὰ
606 2869 642 2934 δὲ
657 2869 678 2936 l
683 2861 800 2947 αλλοις
818 2864 908 2947 18)“οι
924 2869 993 2935 νέοι
1003 2867 1193 2986 γαμοῦνται
1211 2864 1281 2949 18ε)

267 2963 358 3056 μετὰ
377 2969 564 3059 παῤῥησίας
575 3019 584 3052 ,
614 2964 653 3038 οῦ
675 2965 786 3064 ψόγου
808 2971 907 3037 τοῦτο
929 2965 1104 3058 ἡγούμενοι
1115 3021 1125 3051 ,
1146 2967 1257 3038 διὰ
1225 2995 1282 3039 τον

268 3064 348 3163 ,παρ’
373 3066 486 3150 ἇυτυῐς
502 3067 619 3160 νόμον.
655 3075 726 3140 Καὶ
747 3067 787 3140 οῦ
809 3067 951 3141 δυνατόν
972 3075 1043 3140 ἐστι
1063 3068 1193 3153 πάντας
1206 3069 1282 3154 τοῦς

274 3175 307 3244 έν
328 3174 458 3267 Γαλλίᾳ
481 3168 586 3253 ὁιίτως
618 3169 733 3253 ἀθέως
761 3170 996 3266 ὑβριζομένους
1022 3179 1134 3265 λαχεῖν
1156 3178 1190 3244 έν
1210 3184 1282 3254 ταῖς

273 3282 418 3364 γενέσεσι
442 3272 633 3370 Φωσφόρον
652 3273 732 3364 μεθ’
754 3273 877 3368 Ἑρμοῦ
898 3281 932 3347 έν
954 3273 1057 3357 ῦίνοις
1070 3274 1206 3370 Κρόνου
1228 3285 1280 3348 καὶ

274 3376 380 3468 ὁρίοις
393 3378 513 3474 ’Ἄρεος
534 3375 702 3459 δῦνοντας.
740 3375 796 3448 Ἐν
816 3382 1004 3473 Βρεττανίᾳ
1029 3384 1147 3450 πολλοὶ
1168 3379 1281 3473 ἄνδρες

185 3575 189 3588 Ι
264 3484 354 3571 ,μίαν
380 3489 521 3570 γυναῖκα
548 3483 697 3572 ἔχουσιν·
733 3483 768 3552 έν
795 3485 831 3550 δὲ
852 3485 892 3580 τῇ
913 3484 1063 3577 Παρθίᾳ
1083 3487 1203 3552 πολλαί
1224 3511 1281 3570 γυ-

272 3590 382 3665 ναῖκες
401 3589 459 3656 ἕνα
481 3584 608 3680 ἄνδρα,
630 3592 687 3656 καί
706 3587 815 3654 πᾶσαι
830 3587 1068 3680 σωφρονοῦσαι
1081 3581 1280 3673 πειθόμεναι

274 3684 367 3781 ἀντῷ
378 3686 466 3756 κατὰ
479 3686 538 3758 τὸυ
556 3686 669 3779 νόμον.
707 3683 762 3762 ‘Aa
783 3692 821 3757 δὲ
829 3684 1010 3776 Ἀμαζόνες
1030 3692 1137 3758 πᾶσαι
1158 3686 1280 3782 ἄνδρας

274 3786 336 3860 οῦκ
356 3791 502 3880 ἑγουσιν,
540 3787 608 3860 ἀλλ’
634 3788 677 3872 ῶς
698 3789 743 3859 τίι
762 3788 871 3878 ἄλογα
898 3791 965 3873 ζῶα
987 3784 1077 3876 ἅπαξ
1097 3793 1157 3862 τοῦ
1179 3797 1280 3871 ἔθους

271 3899 347 3988 περὶ
367 3891 427 3976 τὴν
447 3891 580 3987 ἐαρινὴν
603 3891 792 3988 ἰσημερίαν,
814 3890 1074 3986 ῦπιρβαίυουσαι
1088 3893 1166 3975 τοῦς
1181 3893 1280 3976 ίδίονς

146 513 149 520 ’
256 498 381 568 ἀυτῶν.
416 495 540 565 Καλοῦ
555 494 684 579 πάντως
702 500 736 566 έν
751 493 841 592 πείσῃ
854 499 975 586 γενέσει
989 500 1052 564 τῶν
1067 503 1101 566 έν
1114 500 1280 593 Βακτρίρ
1363 509 1364 526 ⁸
