2790 4512
1090 356 1150 418 stt

138 549 226 606 mus,
261 548 329 590 non
355 525 466 589 autem
484 523 601 589 assensi
620 522 911 610 imaginationibus,
946 539 981 591 ut
1002 527 1061 592 alia
1084 529 1149 591 ani·

134 631 256 697 mantia
275 627 412 694 udonis
436 627 596 712 expertia,
620 628 690 692 illas
714 629 886 714 sequimur.
942 631 1151 699 consiliarios

139 756 269 822 qnoque
287 731 492 809 adhibemus,
528 752 609 816 quos
631 732 791 797 videamus
813 735 884 816 plus
907 734 1023 820 aliquid
1043 739 1083 800 ad
1103 736 1152 800 in·

139 840 330 905 dicationem
348 848 383 900 et
405 836 594 900 electionem
603 836 763 920 propositi
777 840 943 919 prodesse.
987 840 1055 902 Iam
1071 860 1150 903 vero

136 947 179 1008 de
203 941 379 1008 maioribus
408 962 446 1004 ae
470 936 699 1004 difficilioribus
722 940 809 1021 ipsos
839 939 929 1005 Deos
955 943 1151 1016 consiliarios

137 1050 299 1112 advocare
316 1067 384 1123 non
409 1066 578 1120 veremur,
616 1055 767 1128 rogantes
798 1047 836 1106 ab
862 1044 940 1128 ipsis
970 1045 1074 1109 dicere
1099 1059 1153 1110 aut

137 1173 197 1235 per
223 1150 376 1225 oracula,
402 1160 456 1211 aut
478 1169 538 1230 per
559 1147 754 1211 consiliarios
776 1150 891 1230 (vates)
910 1160 963 1212 aut
987 1171 1047 1233 per
1067 1171 1153 1213 som-

137 1256 192 1325 nia
209 1255 380 1340 quaedam,
405 1262 479 1314 utra
496 1272 555 1314 nos
571 1250 677 1332 potius
697 1251 814 1336 eligere
833 1264 981 1334 oporteat
999 1275 1040 1316 ex
1056 1275 1152 1336 quae-

138 1357 223 1424 siris.
267 1356 348 1419 Satis
370 1367 475 1418 autem
502 1354 535 1416 id
560 1375 689 1437 quoque
718 1359 931 1438 comprobare
950 1369 1085 1438 possunt
1108 1358 1154 1420 le·

141 1483 220 1548 gum
241 1459 437 1534 sanctiones,
463 1457 576 1541 quibus
598 1458 743 1522 doctrina
760 1463 957 1544 quorundam
978 1461 1152 1543 imperatur

141 1576 175 1628 et
199 1563 348 1640 iubetur,
380 1582 461 1645 quae
481 1560 543 1623 sint
566 1565 705 1646 agenda:
739 1573 770 1624 et
790 1563 989 1628 honorantur
1011 1565 1065 1649 qui
1089 1565 1151 1628 illis

139 1679 272 1752 parent,
310 1665 502 1728 mulctantur
527 1664 582 1747 qui
608 1664 745 1728 minime.
782 1659 1001 1751 'confingens
1024 1690 1152 1752 quoque

140 1783 212 1848 est,
236 1769 390 1853 siquidem
410 1767 442 1830 in
463 1778 576 1832 nostro
599 1767 731 1830 arbitrio
749 1779 797 1831 est
812 1770 918 1832 facere
934 1773 998 1835 boc
1019 1773 1070 1833 vel
1087 1793 1151 1835 non

140 1876 267 1942 faeere.
311 1870 392 1936 Cum
411 1869 542 1967 veroid
560 1869 604 1934 ita
627 1871 683 1947 sit,
707 1870 901 1952 impossibile
920 1885 1018 1937 estut
1038 1875 1152 1940 Fatum

142 1978 184 2042 sit
201 1975 432 2052 necessarium,
463 1995 535 2037 cunr
557 1974 590 2037 in
612 1973 649 2038 iis
671 1986 835 2051 versetur,
872 1974 905 2039 in
928 1977 1040 2061 quibus
1060 1977 1152 2040 etiam

143 2082 280 2145 liberum
310 2078 473 2142 arbitr-inm
500 2079 607 2143 locum
635 2077 742 2140 babet.
807 2078 888 2142 Satis
917 2079 1004 2144 item*
1020 2094 1154 2162 possunt
1247 2130 1250 2137 .

144 2197 223 2250 vota
244 2196 276 2248 et
292 2168 429 2266 preces,
461 2202 541 2265 quae
566 2181 636 2244 Diis
661 2182 854 2259 funduntur,
889 2205 960 2246 cunr
989 2185 1041 2248 alii
1062 2207 1153 2248 aver-

130 2277 268 2354 'nuncu
289 2298 321 2350 et
336 2286 449 2369 fugam
473 2283 602 2349 alicuius
624 2283 671 2346 rei
691 2287 730 2348 ab
751 2285 828 2366 ipsis
853 2299 978 2369 petant,
1017 2273 1069 2351 alii
1093 2292 1153 2351 bo·

144 2413 261 2458 norum
291 2388 508 2474 largitionem,
543 2399 691 2470 tanquam
723 2379 874 2472 quaedam
904 2391 1090 2476 contingant
1123 2403 1155 2453 et

144 2517 214 2560 esse
239 2506 271 2560 et
291 2515 357 2558 non
379 2501 514 2574 propter
537 2503 679 2553 nostram
700 2491 885 2573 petitionem
907 2484 925 2556 a
947 2494 1038 2570 Diis,
1079 2493 1154 2557 satis
1214 2547 1218 2562 ,

144 2599 271 2682 inquam
298 2599 439 2679 probare
467 2605 601 2678 possunt
634 2615 702 2658 esse
739 2597 892 2678 quaedam
927 2597 1152 2681 contingentia.

146 2703 233 2784 Quin
261 2701 351 2764 etiam
377 2720 419 2762 ex
441 2697 576 2762 naturali
602 2698 752 2781 cuiusque
775 2699 853 2761 entis
877 2699 1099 2770 constitutione
1123 2699 1155 2762 id

142 2807 236 2871 facile
264 2802 418 2890 cognosci
444 2813 563 2884 potest.
622 2803 744 2864 Natura
773 2801 853 2864 eninr
882 2802 914 2864 in
941 2801 978 2866 iis
1007 2824 1086 2887 quae
1114 2823 1155 2866 ex

143 2908 328 2974 necessitate
352 2918 426 2970 sunt
446 2918 478 2968 et
497 2906 593 2982 fiunt,
626 2905 741 2967 nullam
764 2905 966 2986 aptitudinem
988 2909 1027 2970 ad
1045 2929 1152 2989 oppo-

142 3014 201 3077 sita
221 3013 323 3087 dedit,
345 3011 403 3074 sed
427 3009 574 3091 ineptiam
600 3010 640 3071 ad
663 3007 866 3090 imposibilia.
910 3011 1043 3074 Frustra
1071 3011 1153 3072 enim

142 3117 324 3180 habuissent
350 3113 551 3196 aptitudinem
570 3115 609 3173 ad
627 3111 829 3174 mutationem
849 3111 882 3174 in
901 3114 957 3176 has
980 3136 1054 3190 res,
1081 3135 1154 3176 eum

142 3219 339 3302 impossibile
375 3229 457 3280 esset
471 3299 475 3306 .
491 3237 528 3278 ea
558 3214 648 3277 aliter
681 3214 810 3278 habere.
879 3216 1031 3279 Videmus
1068 3215 1153 3278 enim

142 3323 252 3409 ignem
273 3341 374 3404 neque
395 3317 574 3405 frigiditatis
600 3329 789 3400 potestatem
813 3319 845 3382 in
870 3340 904 3381 se
925 3321 1062 3394 babere,
1098 3341 1153 3383 ne-

142 3447 206 3512 que
228 3425 334 3489 nivem
354 3422 548 3508 nigredinis,
573 3443 675 3506 neque
698 3422 810 3506 gravia
830 3421 990 3497 levitatis,
1016 3421 1157 3487 simodo

143 3533 252 3594 eadem
274 3538 420 3591 maneant
451 3545 531 3609 quae
560 3537 644 3588 sunt.
700 3527 813 3608 Neque
844 3524 1040 3606 sempiternis
1074 3525 1159 3588 dedit

142 3645 178 3698 ut
200 3632 365 3715 corrumpi
390 3630 524 3714 possint.
584 3629 780 3709 Quibusdam
805 3638 908 3690 autem
939 3629 1072 3714 elargita
1095 3642 1153 3706 est,

142 3748 178 3800 nt
203 3757 268 3803 non
286 3733 468 3799 necessario
485 3733 518 3795 in
541 3732 642 3795 altero
666 3731 889 3815 oppositorum
911 3745 1015 3796 essent
1033 3727 1158 3794 definite

140 3853 173 3905 rt
200 3849 379 3904 manerent.
438 3837 545 3920 Atque
576 3836 655 3897 haee
686 3857 704 3896 a
736 3845 849 3896 natura
879 3837 1158 3918 praeparationem

139 3941 325 4010 mutationis
354 3939 386 4004 in
420 3940 603 4026 oppositum
630 3940 759 4013 babent.
826 3937 995 4003 Eiusmodi
1025 3937 1160 4021 plurima
