2754 4510
1079 329 1138 392 att
1188 319 1199 340 '

139 515 173 567 st
199 504 318 568 dehac
343 497 539 565 manifestim
569 511 617 566 est
642 499 808 566 Platonem
837 500 953 584 ubique
983 500 1136 574 ciamare,

138 617 174 669 et
199 606 410 682 contendere,
449 606 535 688 quod
554 623 648 668 nemo
670 603 853 668 'voluntario
874 603 972 666 malus
995 601 1052 678 sit,
1082 604 1139 664 sed

140 707 216 772 mali
239 706 332 772 inviti
350 707 422 771 mali
445 707 543 786 fiant,
578 708 651 770 dum
670 719 815 791 peccent.
873 705 908 769 Si
928 726 1008 769 vero
1029 703 1136 779 inviti,

137 832 217 878 sane
234 810 327 874 etiam
345 833 416 874 cum
441 813 573 895 quadam
587 810 782 875 necessitate.
826 809 909 874 Illud
930 807 1054 871 interim
1073 829 1137 872 non

103 949 111 964 =
140 925 173 978 te
194 914 306 990 lateat,
331 915 418 998 quod
440 915 553 978 multos
576 914 684 999 quiid
705 912 855 998 ignorant
878 912 1045 975 admodum
1069 921 1137 973 tur·

142 1017 215 1093 bet,
253 1019 343 1100 quod
361 1039 441 1080 'uno
473 1019 569 1080 modo
598 1017 767 1080 necessitas
792 1015 931 1090 dicanu,
968 1017 1137 1077 secundum

141 1141 237 1204 quam
258 1141 352 1185 omne
374 1101 460 1202 quod
481 1118 571 1184 aliter
594 1117 778 1202 contingere
797 1140 862 1183 nou
883 1127 1006 1200 potest,
1029 1122 1139 1178 neees-

140 1222 258 1286 sarium
284 1221 423 1285 dicatiu:
461 1219 523 1286 alio
556 1235 658 1286 eutem
684 1223 779 1286 modo
811 1219 978 1285 necessitas
1006 1218 1139 1304 proprie

73 1319 77 1326 ’
144 1325 266 1388 dicauu
287 1325 431 1402 coactio,
461 1347 526 1410 quo
552 1338 584 1390 et
604 1327 699 1391 Plato
719 1327 781 1390 hac
798 1345 878 1390 voce
902 1323 1020 1400 utimr,
1049 1324 1138 1388 utin

144 1427 296 1510 Cratylo:
336 1429 526 1510 „Quodnam
547 1427 706 1494 vinculum
729 1429 853 1495 enirnali
885 1429 997 1512 cuique
1022 1426 1138 1494 fortitus

143 1544 214 1607 ,est
235 1535 276 1595 ad
296 1536 481 1596 manendum
505 1554 693 1618 quocunque
721 1531 752 1598 in
777 1533 875 1610 loco,
913 1521 1080 1598 necessitas
1101 1557 1140 1599 an

144 1635 380 1710 ,desides-ium?
426 1635 586 1712 Multum,
623 1636 739 1720 inquit,
778 1660 799 1701 o
829 1637 977 1702 Socrates
1001 1649 1142 1720 praestat

142 1737 391 1814 „desiderium”
435 1740 498 1803 Hic
511 1739 727 1804 necessitatem
741 1737 872 1822 proprie
888 1751 983 1804 vocat
1000 1739 1144 1804 coactio·

141 1863 236 1920 nem,
260 1861 362 1926 neque
385 1855 485 1908 tamen
507 1843 693 1908 desiderium
715 1854 807 1927 negat
830 1863 897 1908 esse
918 1842 1142 1919 necessarium,

142 1948 201 2009 sed
219 1944 331 2008 deinde
352 1945 442 2009 etiam
459 1946 617 2009 vinculum
635 1946 708 2010 dicit
731 1967 799 2014 esse
818 1946 999 2010 necessitate
1013 1944 1143 2009 fortius.

144 2051 230 2114 Nam
262 2050 423 2134 quomodo
452 2048 492 2112 sit
518 2049 683 2133 quicquam
704 2071 768 2115 non
796 2042 1005 2113 necessarium
1026 2048 1145 2112 fortius

145 2151 349 2229 necessitate,
372 2153 440 2230 cui,
470 2164 505 2215 ut
520 2152 627 2229 aiunt,
657 2173 695 2216 ne
717 2153 805 2217 Deus
824 2152 948 2238 quidem
966 2151 1148 2236 repugnat?

147 2255 355 2320 Manifestum
385 2277 458 2320 sane
486 2268 537 2319 est
564 2255 598 2319 id
617 2259 704 2340 quod
724 2257 909 2321 necessitate
934 2268 981 2321 est
996 2255 1144 2334 ¹fortius,

149 2361 249 2424 multo
277 2358 378 2444 magis
407 2372 438 2423 et
461 2360 563 2441 ipsum
587 2362 703 2423 debere
730 2381 800 2425 esse
823 2360 1043 2432 necessarium.
1090 2361 1145 2424 Ab

146 2463 208 2530 hac
228 2461 326 2548 igitur
356 2461 493 2558 violenta
522 2463 706 2526 necessitate
738 2466 810 2526 dum
844 2463 971 2546 cupiunt
1005 2462 1149 2528 nonnulii

125 2567 285 2630 'uterere
306 2565 455 2643 animam,
487 2579 605 2629 exurunt
627 2566 710 2629 illam
730 2566 820 2630 simul
841 2567 900 2629 alia
919 2566 971 2630 illa
994 2579 1026 2630 et
1048 2567 1147 2651 magis

149 2668 255 2734 diviua
287 2660 489 2747 necessitate,
536 2690 615 2752 quae
644 2668 675 2732 in
708 2667 935 2751 spontaneitate
960 2679 991 2732 et
1023 2668 1157 2734 actione·

148 2774 318 2836 secundum
341 2784 473 2836 mentem
496 2785 544 2836 est
569 2771 685 2856 posita.
741 2771 804 2852 Qui
827 2771 952 2856 quidem
983 2793 1047 2838 nou
1072 2793 1150 2856 per-

148 2879 307 2958 pendunt,
343 2877 430 2961 quod
449 2877 566 2942 hontun
592 2877 690 2938 multo
717 2874 816 2960 magis
845 2896 1061 2959 quamcunque
1087 2897 1151 2960 gu,

148 2981 262 3042 beruat
278 2975 426 3055 animam,
450 3001 521 3042 cum
536 2977 718 3068 necessitate
738 2981 904 3064 gubernet,
929 2978 1045 3062 quippe
1060 2981 1148 3062 quod

148 3080 231 3150 inter
253 3103 362 3145 omnes
380 3103 488 3146 causas
508 3093 555 3146 est
572 3081 777 3147 fortissimum
793 3093 824 3145 et
843 3082 976 3146 maxime
997 3079 1148 3146 activum.

149 3185 215 3248 Sed
234 3185 448 3267 imprudenter
476 3185 518 3248 ita
545 3187 633 3249 bono
659 3185 886 3262 infirmitatem,
926 3184 1043 3248 animae
1067 3205 1148 3255 vero

152 3289 317 3352 vanitatem
338 3289 496 3363 tribuunt,
521 3288 546 3352 si
569 3287 717 3368 animam,
742 3309 821 3373 quae
843 3273 961 3354 bonum
983 3289 1150 3370 qnodruu*

151 3413 214 3476 que
233 3391 448 3469 intellexerat,
484 3411 626 3474 quaeque
655 3393 816 3472 homprae
837 3389 965 3474 reliquis
985 3393 1075 3472 prob.
1116 3412 1145 3452 e-

151 3509 218 3574 rat,
243 3494 367 3582 quidvis
390 3483 513 3578 potius,
550 3515 643 3580 quiam
667 3495 753 3582 quod
778 3482 931 3580 optimum
952 3491 1054 3560 risum
1081 3505 1151 3560 eret:

151 3601 320 3672 electruam
341 3609 487 3666 statuant.
