2718 4506
335 503 408 569 sarii
429 505 533 568 locum
557 498 727 588 συντόμως
754 503 889 566 afferens
912 500 1092 582 Ιῂλαίοος,
1128 525 1197 568 non
1220 517 1256 569 ut

336 619 383 668 est
405 610 487 689 apud
510 607 665 671 Ortelium
689 608 862 681 (deliacos,
887 606 986 668 multo
1009 605 1128 683 minus,
1153 621 1191 670 ut
1207 621 1256 670 est

337 712 421 792 apud
441 713 651 790 interpretem
670 709 850 792 Agelloeos
878 719 983 772 vocat.
1010 711 1122 792 Itaque
1137 712 1255 792 Γῆλοι,

337 814 405 889 vel,
437 827 472 877 ut
493 813 544 875 alii
565 815 688 892 Γηλοὶ,
706 811 834 890 ΙΙῆλαι,
855 813 992 889 Peuma,
1013 814 1149 878 Γελαῖοι
1171 817 1273 897 apud
1339 865 1340 870 ,

338 917 482 980 diversos
505 927 650 978 auctores
673 934 806 996 prorsus
828 913 933 978 iidem.
962 915 1129 980 ‘Feminae
1151 930 1256 981 autem

337 1014 504 1108 Γὴλιοοιιι
524 1019 718 1082 dicebantur.
762 1018 809 1080 At
822 1017 946 1083 Γελῶοι
961 1016 1016 1100 qui
1028 1020 1168 1088 Γελοῑοι,
1187 1043 1255 1084 sae-

336 1122 405 1204 pius
428 1136 459 1186 et
481 1123 647 1206 aliquando
669 1121 833 1199 Γελλαῖοι,
865 1119 988 1184 Latinis
1012 1120 1133 1188 Gelani
1152 1135 1185 1186 et
1200 1127 1256 1190 Ge-

341 1227 445 1291 lenses
467 1225 685 1306 interdumque
701 1226 863 1289 Gellenses
885 1223 918 1284 iu
940 1223 1044 1288 Sicilia
1066 1236 1153 1289 sunt.
1173 1227 1253 1289 Nam

342 1323 485 1404 Γελώοος
505 1327 625 1390 frustra
647 1325 822 1405 Stephanus
845 1325 999 1408 repudiat.
1036 1329 1181 1394 Γελῶνοι
1202 1331 1254 1391 de·

337 1430 431 1509 nique
445 1430 478 1492 in
493 1428 667 1507 Sarmatia,
688 1427 801 1508 partim
817 1429 1004 1512 Europam,
1028 1431 1144 1512 partim
1161 1433 1252 1496 Asia·

175 1603 177 1606 ·
339 1532 413 1595 tica.
457 1532 574 1611 (idem)
870 1583 874 1590 .

255 1633 308 1718 13)
338 1631 451 1724 παρὰ
471 1628 709 1724 Βάκτροις]
740 1631 905 1697 Caesarius
927 1635 951 1698 l.
974 1635 1028 1698 cit.
1051 1639 1090 1700 de
1113 1638 1256 1702 Bactria-

337 1739 384 1802 nis
406 1737 587 1800 mulieribus
608 1737 703 1811 nibil;
740 1737 933 1810 atSusianis
963 1741 1071 1802 eadem
1098 1740 1253 1806 attribuit.

333 1838 389 1907 Ἕν
411 1843 446 1905 δὲ
468 1834 636 1919 Σούσοις,
656 1840 774 1924 inquit,
794 1837 857 1920 ’τῆς
870 1842 1075 1926 Βαβυλῶνος
1094 1847 1131 1909 αἱ
1143 1849 1256 1929 γοναῖ-

342 1967 395 2018 κες
416 1946 514 2007 παντὶ
534 1935 627 2032 μύρῳ
649 1943 842 2032 διαφέροντι
853 1944 1019 2033 χρῶνται,
1040 1940 1258 2036 ὑπηρετούμε-

339 2070 396 2113 ναι
418 2049 474 2110 καὶ
503 2045 652 2135 φαιδρῶς
679 2046 881 2132 προϊοῦσαι,
917 2042 977 2113 σὺν
1004 2049 1173 2138 βλωσορίᾳ
1202 2055 1259 2116 καὶ

342 2141 492 2234 διαχύσει
513 2147 626 2239 πολλῇ.
669 2145 785 2226 (ἰᾶται)
910 2147 911 2151 ’

258 2255 321 2334 11),
340 2255 408 2316 καὶ
430 2250 476 2342 τῇ
493 2243 713 2343 ’οοροηνῇ]
734 2249 879 2313 Osroene
899 2252 990 2334 regio
1007 2253 1117 2332 Syriae
1138 2255 1257 2346 inMe·

341 2353 535 2436 sopotamiae
558 2352 718 2428 confinio,
754 2353 788 2416 in
813 2375 876 2438 qua
898 2355 1018 2436 Edessa
1041 2369 1072 2420 et
1094 2357 1256 2442 Nicepho-

341 2457 443 2532 rium,
467 2457 561 2517 urbes
583 2455 670 2516 iuxta
691 2457 887 2537 Euphratem
907 2458 944 2520 fl.
975 2458 1047 2540 (Ο.)

141 2598 146 2608 ,
259 2564 313 2641 15)
340 2556 465 2649 Παρὰ
490 2553 717 2647 Πάρθοις]
762 2558 920 2624 Cruentae
951 2562 1055 2628 huius.
1079 2576 1111 2626 et
1145 2565 1258 2649 impiae

344 2660 574 2729 consuetudinis
591 2660 779 2724 mentionem
801 2663 874 2728 alibi
895 2685 960 2726 non
980 2666 1123 2748 reperio.
1144 2670 1258 2734 ‚Multa

343 2770 381 2829 de
403 2767 596 2846 Parthorum
617 2763 757 2828 moribus
786 2764 819 2828 in
846 2765 1005 2832 historicis
1026 2773 1257 2836 commentariis

346 2869 461 2932 Strabo
484 2867 671 2950 scripserat,
695 2878 729 2928 ut
750 2866 845 2931 Libr.
862 2871 1050 2956 Geograph.
1073 2872 1138 2938 XI.
1161 2875 1258 2961 signi.

345 2973 431 3034 fleat.
475 2972 616 3053 (Viger.)

262 3080 315 3159 16)
339 3073 401 3141 Ἐν
414 3069 609 3161 ’Ἀρτοις]
640 3073 841 3157 Intelligendi
861 3075 1006 3140 fortassis
1027 3077 1150 3143 incolae
1172 3081 1257 3144 urbis

346 3181 519 3251 Atrarum,
544 3176 582 3237 de
604 3197 666 3259 qua
687 3176 862 3260 Stephanus
886 3180 969 3259 Byz.
984 3176 1108 3268 ’Ἀτραι
1129 3223 1146 3235 -
1167 3179 1259 3261 πόλις

345 3277 463 3368 μεταξὺ
481 3274 671 3370 Ἔοφροὶτοο
693 3284 748 3344 καὶ
774 3282 942 3370 Τίγρητος.
986 3283 1059 3362 (Ο.)

263 3389 315 3468 17)
345 3389 385 3451 ἐν
408 3384 453 3477 τῇ
474 3379 578 3474 ἀυτῇ
595 3377 824 3477 Ἀνατολῇ]
857 3382 925 3448 scil.
949 3379 1016 3450 ὄιιτό
1037 3386 1097 3452 τοῦ
1114 3381 1258 3479 Ἕοφροὶ-

293 3539 296 3545 .
346 3513 403 3554 τοο
426 3484 576 3572 ποταμοῦ
598 3489 653 3549 καὶ
673 3487 766 3570 μέχρι
789 3480 1024 3576 τοῦᾫκεανοῦ
1045 3482 1087 3563 ὡς
1109 3490 1163 3556 ἐπὶ
1182 3485 1258 3556 ἅνα-

347 3585 462 3667 τολὸις,
483 3599 518 3650 ut
538 3588 569 3650 in
593 3588 843 3650 antecedentibus
867 3588 1002 3652 dixerat.
1047 3588 1121 3670 (Ο.)

199 3711 201 3720 ’
264 3697 316 3774 18)
345 3687 470 3780 Παρὰ
490 3692 531 3756 δὲ
555 3685 737 3767 statem
759 3693 842 3772 etc]
886 3691 1050 3758 Germanis
1073 3695 1136 3758 boc
1159 3698 1256 3760 scelus
1281 3747 1285 3756 .

348 3791 487 3857 attribuit
511 3787 623 3856 Sextus
649 3793 825 3875 Empiricus
841 3789 1006 3874 Pyrrhon.
1023 3797 1149 3879 Hypot.
1166 3799 1255 3863 Libr.

347 3899 410 3963 111.
442 3895 524 3978 Cap.
549 3895 600 3958 tt.
633 3903 661 3973 §.
699 3898 771 3960 199.
803 3892 872 3964 ὁῐοι
893 3899 972 3986 γοῦν
994 3897 1084 3985 παρὰ
1106 3895 1184 3987 ἡμῖν
1202 3897 1257 3988 μὲν
