2694 4508
134 310 277 371 ‘3⁶

145 490 153 498 “
234 478 483 567 προηγουμένως
506 481 533 557 ³)
555 471 619 541 ὑπό
643 476 699 557 τῆς
721 470 865 568 φάσεως,
888 470 958 540 ἀλλ’
984 471 1023 542 06
1039 472 1108 542 κατ’
1124 477 1244 542 ἐπακο-

233 574 395 665 λοόθημά
416 601 449 643 τι
470 582 525 642 καὶ
547 572 730 664 σύμπτωμα
752 583 821 654 τοῖς
841 580 1093 666 προηγουμένως
1113 580 1244 664 γινομέ-

233 705 304 758 νοις
324 681 464 766 γίνοιτο,
486 675 664 765 συνάγοιτο
686 675 726 745 όίν
748 675 786 744 τὸ
808 674 855 765 μὴ
879 669 908 758 ⁴)
931 680 1016 744 ε’ῑναι
1035 674 1145 766 μάτην
1167 675 1245 755 τούς

234 777 437 872 ἀνθρώπους
467 776 708 868 βουλευτικοιίς.
757 771 838 846 ’Ὅτι
871 781 907 844 δὲ
940 776 978 845 τό
1011 777 1242 866 βουλεύεσθαι

232 878 358 970 μάτην,
389 879 519 952 πάντων
540 886 722 970 γινομένων
735 882 768 963 ἐξ
789 877 933 970 ἀνάγκης
940 934 949 964 ,
985 879 1102 973 ῥᾴδιον
1122 886 1244 969 γνῶναι

230 983 293 1076 τὴν
320 989 380 1052 τοῦ
406 982 633 1072 βουλεύεσθαι
668 987 783 1075 χρείαν
822 981 954 1052 έιδόσιν.
1013 981 1243 1072 Ὁμολογεῖται
1310 1037 1312 1042 ,

234 1092 270 1155 δὲ
292 1090 321 1170 ⁵)
343 1087 426 1181 πρός
447 1083 616 1166 ἁπάντων,
640 1085 678 1154 τό
700 1089 763 1156 τῶν
786 1084 895 1154 όίλλων
915 1081 1005 1169 ζώων
1026 1084 1084 1156 τὸν
1105 1085 1245 1179 όίνθρω·

231 1217 296 1260 πον
316 1189 410 1312 παρά
431 1191 490 1270 τῆς
512 1185 642 1282 φύσεως
663 1189 745 1276 ἔχειν
766 1191 880 1268 πλέον,
902 1185 941 1254 τό
962 1186 1008 1275 μὴ
1031 1185 1160 1310 ὁμοίως
1166 1192 1246 1258 ἐκεί-

233 1317 304 1372 νοις
326 1297 398 1369 ταῖς
419 1291 621 1382 φαντασίαις
642 1293 805 1370 ἕπεσθαι,
842 1285 955 1356 ἀλλ”
935 1315 1018 1377 εγειν
1039 1288 1120 1412 παρ’
1137 1289 1246 1374 άυτῆς

234 1419 347 1486 κριτην
368 1394 431 1459 τῶν
451 1392 722 1513 προςπιπτουσῶν
751 1387 781 1472 ⁶)
812 1393 1024 1483 φαντασιῶν
1037 1395 1119 1485 περί
1146 1419 1247 1466 τινων

233 1493 277 1575 ὡς
291 1491 443 1587 άιρετῶν,
464 1491 523 1562 τόν
536 1482 700 1584 λόγον,
673 1520 698 1558 ω
707 1487 891 1612 γρόμενος,
913 1494 942 1560 έι
956 1500 1017 1611 μὲν
1030 1492 1247 1618 ἐξεταζόμενα

232 1595 276 1666 τά
303 1590 612 1691 φαντασθέντα,“
595 1598 652 1661 οἶα
679 1619 741 1676 την
770 1591 873 1686 ἀρχὴν
901 1591 1027 1688 ἐφάνη,
1064 1603 1121 1664 καὶ
1149 1598 1249 1682 ἔστι,

225 1699 518 1789 ;συγκατατίθεται’
543 1723 578 1766 τε
606 1699 646 1792 τῇ
672 1699 867 1790 ραντασία,
902 1704 957 1766 καὶ
986 1694 1071 1767 όότω
1098 1703 1249 1787 μέτεισιν
1328 1721 1331 1734 ·

207 1823 211 1834 ·
233 1799 336 1872 άυτά·
358 1806 387 1871 ἐι
409 1807 445 1870 δὲ
458 1799 588 1894 άλλοῖα
603 1802 775 1894 (μαίνεται,
797 1807 852 1868 καὶ
874 1797 957 1868 άλλό
980 1827 1013 1869 τι
1034 1803 1063 1884 7)
1086 1798 1130 1870 66
1152 1800 1249 1897 άιρε-

230 1903 387 2000 πότερον,
424 1909 524 1974 έκεῖνο
552 1903 695 1996 άιρεῑται
707 1955 716 1986 ,
745 1905 956 1972 καταλείπων
982 1902 1021 1970 τό
1050 1901 1110 1987 τὴν
1139 1903 1249 1999 ἀρχὴν

839 2002 847 2022 x
925 2008 941 2021 u
1037 2012 1052 2028 ,ι
1157 2007 1166 2029 ι

232 2112 440 2204 φαντασίαις
455 2105 532 2196 ημῖν
553 2104 673 2178 άλλοῖα
687 2104 905 2229 δόξαντα,
867 2103 967 2176 ουκέτ
985 2109 1106 2198 ἔμεινεν
1120 2115 1172 2182 ἐπὶ
1185 2116 1247 2196 τῆς

231 2206 445 2306 προλήψεως,
478 2208 705 2298 ελέγξαντος’
685 2207 772 2278 αυτά
793 2212 854 2279 τοῦ
875 2206 1017 2299 λόγου
1030 2211 1128 2284 Διό.
1123 2242 1245 2338 ,πραχ-

187 2357 193 2366 ›
231 2310 386 2384 θέντα’
362 2339 425 2396 αν,
462 2305 542 2382 ίίσου
563 2315 614 2380 επὶ
635 2315 674 2408 τῇ
695 2310 804 2385 άυτολν
823 2318 986 2409 γινομένη
983 2319 1172 2439 φαντασία
1193 2324 1245 2402 ⁸),

232 2417 289 2488 διά
310 2416 349 2485 τὸ
369 2413 627 2504 βουλεύσασθαι
648 2422 722 2508 περὶ
736 2412 859 2499 άντων,
882 2414 941 2483 οὐκ
956 2415 1172 2510 ἐπράχθη,
1152 2425 1245 2510 υμῶν

232 2521 292 2593 τοῦ
305 2547 340 2589 τε
349 2517 607 2606 βουλεύσασθαι
618 2526 673 2588 καὶ
685 2522 742 2602 τῆς
754 2513 980 2609 άιρέσεωςτῶν
994 2525 1028 2590 ἐκ
1049 2525 1108 2605 τῆς
1118 2527 1225 2610 βουλό
1226 2554 1245 2604 ς

231 2625 335 2697 όντων
345 2626 473 2719 κυρίων.
511 2621 576 2692 Διό
589 2625 688 2692 τοῦτο
702 2619 767 2713 γάρ
783 2615 857 2688 όότε
871 2629 945 2715 περὶ
960 2626 1023 2694 τῶν
1033 2621 1147 2696 άὶλλίων
1160 2631 1243 2714 βου-

229 2725 420 2817 λεόομεθα,
453 2721 527 2796 ὀότε
548 2727 701 2818 περὶτῶν
725 2720 996 2814 ὁμολογουμένως
1011 2733 1246 2817 γινομένων,’έξ

201 2821 205 2830 ’
232 2826 392 2918 ἀνάγκης,
415 2821 468 2896 ίίτι
477 2833 579 2917 μηδὲν
596 2824 673 2916 ἡμῖν
685 2830 719 2896 ἐκ
732 2830 792 2895 τοῦ
806 2834 878 2921 περὶ
893 2825 1001 2898 άυτῶν
1012 2827 1243 2917 βουλεύεσθαι

230 2932 429 3025 περιγίνεται
444 2935 551 3000 πλέον.
575 2927 664 2998 Ἀλλ’
675 2928 750 2998 οὐδὲ
763 2937 838 3022 περὶ
852 2933 916 3000 τῶν
926 2933 960 3014 ἐξ
968 2928 1114 3021 ἀνάγκης
1123 2944 1184 3026 μέν
1194 2937 1242 3028 μὴ

232 3037 419 3125 γινομένων,
432 3030 480 3132 ἐπ’,
491 3030 606 3114 όίλλοις
614 3036 650 3100 δέ
656 3057 743 3102 τισιν
755 3030 857 3102 όντων
863 3032 1112 3125 βουλευόμεθα,
1121 3031 1175 3108 ότι
1179 3069 1244 3130 μη-

231 3143 268 3208 δὲ
279 3135 345 3207 άπό
360 3139 419 3221 τῆς
420 3141 502 3256 περὶ
517 3136 642 3203 ἐκείνων
655 3136 779 3222 βουλῆς
792 3132 915 3229 ὄφελός
927 3164 961 3204 τι
973 3135 1060 3226 ἡμῖν,
1079 3139 1149 3220 ἀλλ’
1164 3142 1243 3213 οὐδὲ

231 3247 304 3335 περὶ
325 3242 390 3309 τῶν
410 3235 488 3361 ἡμῖν
508 3239 761 3331 μὲνπρακτων,
797 3237 1080 3331 παρεληλυθότων
1101 3247 1138 3312 δὲ
1158 3249 1242 3350 βου-

230 3340 422 3432 λευόμεθα,
459 3335 512 3412 ότι
539 3344 621 3427 μηδὲ
653 3341 693 3434 τῇ
720 3346 794 3432 περὶ
814 3336 939 3412 τοότων
959 3347 1065 3440 βουλη
1085 3351 1185 3426 πλέον
1202 3377 1240 3426 τι

135 3513 140 3528 ,
229 3443 308 3537 ἡμῖν
328 3446 462 3534 γίνεται.
510 3438 755 3530 Βουλευόμεθα
783 3447 819 3512 δὲ
847 3452 919 3537 περὶ
950 3443 1059 3535 μόνων
1090 3453 1154 3520 τῶν
1181 3445 1238 3548 ὑφ

230 3545 320 3671 ἡμῶν
340 3573 375 3616 τε
402 3552 632 3640 πραττομένων
654 3551 711 3614 καί
730 3543 929 3672 μελλόντων,
966 3550 1109 3631 δηλον“
1087 3581 1131 3632 ως
1152 3557 1240 3638 ε’ξου-

229 3655 282 3730 τίς
310 3677 343 3718 τι
372 3648 428 3717 διά
456 3654 554 3718 τοῦτο
575 3651 739 3728 πλέονας
761 3676 821 3732 την
841 3647 966 3744 άίρεσίν
986 3679 1021 3722 τε
1043 3661 1099 3724 καί
1119 3662 1240 3750 πρᾶξιν

229 3750 346 3822 όυτῶν.
384 3748 441 3820 Ει
461 3749 525 3869 γάρ
548 3755 581 3820 έν
602 3748 652 3831 όις
680 3748 819 3821 οὐδέν’
801 3777 878 3840 ημιν
898 3758 1034 3824 πλέον
1018 3783 1052 3824 εκ
1074 3765 1135 3830 τοῦ
1154 3766 1238 3848 βου
1322 3787 1323 3796 ³

229 3852 433 3926 λεόεσθαι
413 3857 516 3922 αυτοῦ
526 3849 640 3939 μόνου
665 3856 881 3945 περιγίνεται,
912 3854 950 3926 06
977 3859 1239 3950 βουλευόμεθα,
