2754 4510
1049 287 1110 350 22⁷

103 465 214 542 potest
237 451 314 538 quin
339 421 524 516 alterutrum·
548 463 690 536 semper,
721 445 774 516 vel
795 455 883 538 quod
904 449 1026 538 primo,
1058 455 1111 519 vel

105 561 194 644 quod
222 567 388 640 postremo
415 557 638 632 decreverant,
677 555 778 620 altero
807 557 847 620 sit
872 560 1030 635 deterius,
1076 569 1112 622 nt
1152 633 1154 643 ‚
1225 587 1227 594 ·
1268 601 1274 608 -

105 661 259 748 proinde·
275 659 309 722 in
333 659 465 721 alterum
496 659 612 722 horum
643 657 838 744 flagitiorum
865 659 888 724 ii
916 661 971 744 qui
996 663 1111 726 Fatum

106 765 243 840 tollunt,
281 746 460 826 necessario
495 759 645 825 incidant.
700 761 763 825 Sed
786 775 966 847 utrumque
997 766 1113 829 horum

107 865 214 930 multis
235 863 339 928 modis
363 875 411 927 est
431 863 643 946 impossihile,
683 877 715 928 et
741 865 850 940 futura
866 866 976 930 omnia
996 887 1038 930 ex
1060 888 1112 930 ae-

108 968 261 1032 ternitate
283 966 454 1032 constituta
474 978 547 1029 sunt
568 979 600 1030 et
621 967 783 1044 ordinata,
821 969 861 1030 ab
888 991 953 1032 uno
974 969 1113 1032 omnium

109 1073 205 1157 Rege
225 1072 310 1136 Iove
332 1069 474 1134 ordinata
497 1091 535 1133 ac
556 1069 695 1134 definita.
740 1071 803 1153 Qui
828 1091 1005 1156 quanquam
1026 1073 1114 1140 solus

110 1175 194 1238 inter
215 1171 321 1238 omia
342 1173 486 1236 definitus
508 1194 574 1238 non
596 1185 661 1250 est,
686 1195 757 1238 cum
778 1177 917 1240 nondum
938 1174 1036 1238 fuerit
1057 1174 1115 1240 ati-

111 1277 205 1362 quin,
231 1279 320 1362 quod
338 1276 468 1340 definire
488 1275 591 1360 ipsum
613 1277 766 1360 quiverit,
791 1281 876 1359 (nam
898 1299 917 1342 a
937 1279 1001 1342 suis
1017 1298 1114 1363 quae·

111 1403 176 1466 quc
198 1380 298 1444 causis
328 1377 450 1448 definiri
477 1401 606 1442 necesse
636 1382 702 1460 est)
745 1392 849 1444 tamen
880 1381 991 1463 potior
1022 1382 1113 1459 licet,

112 1507 207 1570 qaiam
234 1483 292 1568 qui
321 1482 445 1549 definiri
471 1483 633 1565 potuerit,
679 1494 711 1546 et
744 1496 848 1548 manet
879 1506 1006 1567 semper
1032 1484 1117 1552 idem

115 1591 290 1671 codemque
311 1586 342 1650 in
364 1598 463 1663 statu,
494 1597 526 1648 et
546 1586 712 1650 maximam
734 1587 873 1650 omnium
893 1587 1119 1651 fortissimam«

116 1713 178 1775 qne
200 1690 438 1766 necessitatem,
463 1709 543 1773 qnae
559 1688 628 1770 ipsa
640 1710 701 1772 per
715 1711 748 1752 sc
770 1689 937 1754 necessitas
960 1701 1028 1766 est,
1052 1711 1118 1756 non

112 1815 172 1878 per
195 1792 308 1868 alium,
340 1794 483 1856 sustinet.
530 1792 636 1872 ¹Quod
657 1804 844 1876 argumento
872 1813 941 1855 esse
970 1795 1063 1856 debet
1084 1804 1117 1856 et

111 1895 333 1960 necessitatem
352 1906 514 1979 praestare
534 1894 693 1971 fortuitis,
718 1906 750 1958 et
770 1895 862 1974 Iovi,
887 1897 975 1980 quod
996 1879 1116 1962 summe

111 2001 229 2064 bonus·
247 1996 304 2074 sit,
341 1997 506 2066 maximam
527 1998 744 2062 necessitatem
766 2020 860 2081 quam
880 1999 1015 2062 maxime
1038 2022 1117 2064 con⁴

113 2103 236 2166 venire.
288 2100 460 2166 Enimvero
482 2101 537 2177 iis,
583 2123 664 2186 quae
684 2102 860 2166 immediate
882 2105 922 2165 ab
944 2102 1015 2185 ipso
1037 2123 1138 2186 pror
1221 2187 1224 2192 Ι

114 2209 293 2280 ducuntur,
330 2206 412 2268 hanc
442 2204 542 2286 ipsam
573 2205 773 2268 affectionem
806 2209 946 2270 secundo
976 2199 1051 2290 post
1083 2227 1119 2272 se

113 2310 192 2392 loco
207 2307 356 2390 impertit.
400 2309 483 2370 Nam
505 2328 585 2391 quae
607 2320 753 2392 generat,
777 2329 906 2374 necesse
930 2321 978 2372 cst
997 2330 1118 2394 cogna-

115 2425 149 2475 ta
176 2411 238 2476 sibi
265 2412 433 2492 producat.
490 2412 582 2474 Haec
609 2431 688 2474 vero
717 2411 777 2474 alia
805 2411 897 2477 simul
926 2411 1032 2475 omnia
1058 2431 1119 2494 per

115 2515 219 2598 ipsum
251 2513 375 2592 definit,
424 2514 563 2600 nihilque
595 2525 642 2578 est
669 2515 722 2576 vel
751 2535 900 2598 magnum
928 2517 1027 2591 adeo,
1066 2515 1120 2578 vel

115 2639 268 2702 parvum,
307 2638 459 2701 quorsum
488 2617 556 2699 ipsc
584 2615 789 2701 praescriptis
811 2639 831 2680 a
851 2639 885 2680 se
906 2614 1031 2701 legibus
1052 2638 1119 2682 non

116 2722 290 2806 pertingat.
349 2721 437 2784 Nihil
470 2720 551 2784 enim
580 2741 652 2808 esse·
677 2731 784 2804 potest
813 2723 900 2803 quod
932 2720 1035 2802 ipsmn
1054 2737 1120 2784 non

120 2807 273 2910 agnoscat
294 2845 356 2906 pro
379 2845 472 2886 cansa
492 2822 676 2905 praecipua.
710 2824 820 2888 Porro
843 2823 902 2887 nisi
923 2823 1050 2887 definita
1070 2843 1121 2886 ess

117 2929 337 3005 sentimum,
361 2948 400 2990 ne
422 2925 575 3011 praesciri
596 2926 722 3010 quidem
743 2938 897 3008 possent,
931 2949 995 2992 uon
1017 2926 1120 2990 solum

118 3035 159 3094 ab
191 3030 387 3106 hominibus,
427 3033 483 3094 scd
511 3050 551 3092 ne
580 3029 705 3114 quidem
733 3049 753 3090 a
781 3051 942 3114 quoquam
963 3029 1120 3092 Deorum.
1204 3083 1208 3092 .

118 3129 207 3198 Fieri
228 3133 309 3196 enim
332 3132 459 3196 omnino
493 3131 692 3216 non‘potcst
720 3144 755 3194 nt
788 3134 954 3216 quicquam
984 3129 1119 3206 sciamr,

122 3237 214 3320 quod
238 3255 371 3317 prorsus
398 3255 464 3298 non
491 3234 531 3302 sit
552 3235 744 3300 definitum·
768 3237 850 3300 Nam
877 3256 979 3317 neque
1001 3231 1124 3296 definiri

118 3349 231 3422 posset
252 3341 409 3422 quodnam
430 3359 541 3402 verum
562 3339 619 3415 sit,
658 3361 760 3422 neque
786 3352 891 3402 utrum
919 3339 1060 3402 futurum
1084 3335 1125 3398 sit

119 3461 159 3504 an
180 3439 295 3506 minus.
340 3442 408 3506 Iam
430 3453 533 3504 autom
554 3453 671 3506 norunt
691 3442 747 3505 Dii
766 3443 891 3516 sutura,
923 3441 1127 3525 quoniamst

120 3547 334 3610 decreverunt
354 3545 428 3622 illa,
458 3556 490 3606 et
513 3547 638 3636 cadem,
671 3547 743 3608 dnm
767 3565 860 3608 causa
881 3544 1010 3608 illorum
1032 3554 1124 3620 snut,

118 3649 236 3710 habent
258 3645 320 3710 sibi
339 3668 465 3730 semper
487 3659 558 3710 ante
581 3647 692 3711 oculos
715 3647 908 3729 praesentia,
932 3649 1006 3716 licet
1021 3655 1128 3711 ortum

121 3753 264 3816 nondum
286 3761 378 3814 nacta
399 3750 473 3814 sint.
519 3747 616 3816 Certe
638 3749 728 3814 aliter
749 3767 814 3814 non
835 3765 954 3818 norunt
975 3773 1047 3824 res,
1072 3746 1133 3810 nisi

16 3871 17 3878 ’
118 3855 192 3920 dum
223 3851 398 3944 disponunt
427 3852 517 3930 illas,
565 3865 596 3916 et
624 3873 736 3918 carsae
762 3854 885 3921 illarum
915 3851 1000 3920 sinit.
1061 3852 1132 3914 Nec
