2748 4514
1120 337 1179 398 115

160 524 229 568 nee
248 502 322 567 fieri
343 515 449 586 potest
468 515 504 566 ut
527 505 580 587 qni
602 525 642 566 ex
664 504 819 585 appetitus
841 505 980 570 motione
1003 519 1175 588 operatur,

163 629 236 671 non
258 617 410 689 sequatur
431 605 498 670 illas
523 628 649 683 causas,
679 628 750 670 eum
764 629 865 672 eausa
890 631 969 692 quae
992 631 1033 674 ex
1051 592 1125 692 ipso⁸
1146 623 1178 672 et

162 709 234 772 istis
262 709 365 772 carreis
395 709 435 772 sit
468 709 631 784 adiuncta,
670 711 751 774 sieut
782 733 840 774 nec
869 715 907 774 de
940 712 1082 777 sublimi
1103 713 1178 778 loeo

165 811 268 875 iactam
292 811 372 893 lapis
394 833 458 874 non
478 823 584 893 potest
609 835 673 878 non
695 813 773 876 ferri
795 817 964 890 deorsum,
989 827 1041 878 aut
1061 817 1177 900 globus

165 936 228 997 per
249 915 374 978 declive
394 915 531 996 deiectus
555 937 619 977 nou
640 917 758 991 rotari,
784 935 863 1000 quae
885 918 968 982 ultra
990 919 1050 980 erit
1071 921 1180 1004 legum

168 1017 317 1082 utilitas?
343 1017 431 1080 Siout
446 1017 527 1080 enim
542 1017 621 1100 lapis
640 1019 716 1082 nihil
734 1019 937 1100 impedietur,
965 1021 1077 1104 siquis
1095 1015 1178 1084 dicat

169 1141 240 1184 eum
268 1142 334 1184 nou
356 1123 471 1188 dehere
499 1123 647 1208 deorsum
671 1121 767 1197 ferri,
807 1144 877 1184 cum
901 1123 970 1205 ipse
994 1135 1106 1189 natura
1133 1125 1179 1188 ita

168 1223 209 1288 sit
233 1223 358 1300 factus,
393 1235 424 1288 et
451 1224 546 1288 adid
573 1223 765 1305 opitulentur
791 1247 901 1288 causae
923 1234 1093 1303 externae,
1132 1228 1178 1290 sie

167 1349 274 1410 requie
306 1339 448 1392 nostnrm
479 1327 644 1410 quisquam
671 1329 855 1410 persuaderi
882 1330 1001 1410 poterit
1033 1344 1086 1393 aut
1124 1353 1179 1393 ra-

168 1431 257 1495 tione
277 1443 329 1494 aut
346 1431 436 1515 lege,
462 1453 541 1514 quae
564 1452 634 1494 eum
657 1432 733 1496 velit
752 1432 841 1494 aliter
866 1453 979 1518 agere,
1006 1455 1099 1516 quam
1113 1436 1178 1498 sert

168 1534 480 1598 aeircumstantihus
499 1534 681 1601 necessitas.
726 1535 813 1598 Nihil
839 1536 920 1598 enim
941 1536 1034 1606 nobis
1056 1537 1177 1600 accidet

168 1637 326 1700 commodi
339 1657 380 1700 ex
393 1637 553 1724 intellectu
569 1658 698 1713 eorum,
722 1660 802 1720 quae
817 1639 940 1723 legibus
957 1640 1123 1715 iubentur,
1148 1640 1176 1707 si

168 1761 280 1802 causae
293 1741 570 1814 anteiaetaesunt,
596 1739 1175 1821 quihuscircumstantibusnecessario
1230 1765 1233 1776 ·

166 1845 311 1906 trahatur
339 1843 437 1908 motio
462 1843 631 1924 appetitus.
675 1842 727 1904 Ae
749 1844 795 1906 sie
822 1844 944 1906 tollitur
968 1845 1068 1908 omnis
1095 1866 1175 1926 quae

167 1959 213 2008 est
238 1945 425 2029 exlegibus
455 1946 594 2019 utilitas,
633 1947 659 2008 si
681 1947 767 2030 leges
797 1946 933 2028 quidem·
951 1947 1014 2008 vim
1040 1948 1176 2016 habeant

167 2049 294 2114 iubendi
323 2070 404 2132 quae
437 2047 581 2111 sarienda
609 2060 680 2112 sunt
710 2061 741 2110 et
769 2048 895 2111 vetandi
917 2071 996 2132 quae
1017 2071 1082 2112 nou
1103 2062 1176 2112 sunt

167 2152 330 2227 facienda,
354 2173 419 2214 nou
440 2151 584 2233 sequitur
607 2164 710 2216 autem
730 2151 809 2235 legis
831 2151 965 2234 imperio
987 2151 1019 2214 ie
1033 2155 1120 2236 quod
1134 2174 1175 2218 ex

165 2255 324 2337 appetitus
356 2254 496 2318 motione
523 2253 675 2330 saeirnus,
714 2255 769 2318 ubi
804 2256 1039 2320 circumstantes
1062 2277 1174 2322 causae

166 2357 230 2421 alio
258 2379 318 2420 nos
345 2368 472 2421 movent
500 2379 537 2418 ac
562 2356 699 2438 rapiunt.
744 2357 798 2424 Sie
819 2372 923 2422 autem
944 2380 1004 2440 per
1025 2359 1087 2420 tale
1110 2359 1173 2421 Fa·

165 2471 234 2526 tum
257 2462 402 2525 submota
424 2461 530 2544 legum
560 2459 691 2524 utilitate
719 2461 873 2524 tolluntur
901 2473 932 2524 et
959 2462 1047 2546 leges
1090 2463 1174 2528 Nam

165 2563 299 2628 utilitate
327 2564 433 2648 legum
461 2563 494 2626 id
522 2575 569 2626 est
597 2563 741 2628 libertate
771 2563 936 2628 obediendi
963 2564 1087 2648 legibus
1109 2565 1174 2626 Fa-

166 2677 235 2730 tum
257 2689 315 2730 nos
338 2667 467 2749 spoliat.
510 2669 628 2751 Longe
657 2688 737 2752 ergo
768 2669 857 2732 abest
885 2678 919 2730 ut
948 2678 1098 2748 sequatur
1125 2667 1173 2729 le-

167 2791 240 2855 gem
262 2791 342 2846 esse,
365 2770 437 2836 ideo
460 2771 547 2852 quod
569 2771 609 2836 sit
631 2771 756 2840 Fatum,
779 2770 850 2836 Imo
872 2780 1015 2854 pugnant
1034 2768 1117 2835 inter
1138 2789 1173 2832 se

167 2873 281 2938 Fatum
303 2885 335 2938 et
356 2874 422 2938 lex.
466 2875 548 2936 Nam
570 2874 623 2935 lex
645 2874 720 2957 quid
741 2872 782 2936 sit
801 2869 978 2936 iaciendum
998 2872 1171 2954 praecipit,

166 2987 315 3058 tarqtum
335 2975 358 3038 ii
379 2974 433 3058 qui
456 2986 553 3059 agunt
574 2975 696 3057 possint
717 2975 921 3057 praecipienti
935 2997 1065 3057 parere,
1090 2979 1173 3040 unde

165 3090 198 3142 et
218 3079 366 3144 sibinen
394 3091 542 3159 parentes
574 3080 627 3142 lex
660 3091 694 3142 ut
723 3091 829 3144 sontes
858 3079 968 3160 punit,
1004 3091 1035 3144 at
1061 3090 1173 3144 eontra

167 3182 348 3248 obedientes
371 3183 464 3247 afficit
485 3181 632 3264 praemiis
654 3193 689 3246 ut
721 3194 807 3246 reete
837 3194 979 3266 agentes.
1037 3181 1083 3244 At
1114 3181 1172 3270 fati

166 3283 280 3365 opinio
301 3285 373 3348 eicit
395 3285 499 3352 onmia
521 3307 600 3368 eptae
622 3285 700 3348 fiunt
729 3296 760 3348 et
787 3283 964 3350 necessario
992 3281 1079 3358 fieri,
1119 3295 1173 3348 aut

167 3405 328 3450 excausa
355 3387 459 3453 simili.
514 3388 603 3469 Quae
632 3400 735 3452 autem
767 3387 860 3451 simili
892 3409 933 3450 ex
961 3405 1055 3448 eausa
1076 3385 1168 3462 fiunt,

167 3511 282 3554 eorum
302 3489 440 3574 iniquum
461 3490 501 3554 sit
523 3491 582 3554 alia
603 3490 706 3553 dicere
732 3491 862 3563 delicta,
900 3488 960 3552 alia
981 3501 1067 3552 recte
1089 3501 1172 3554 aeta.

168 3595 251 3658 Nem
279 3593 308 3656 si
336 3594 404 3684 quis
432 3593 514 3658 dicat
541 3594 633 3658 etiam
664 3595 767 3678 legem
789 3613 857 3656 esse
879 3591 962 3658 inter
981 3592 1171 3658 necessaria·

168 3696 259 3772 ittn,
284 3707 316 3760 et
337 3717 355 3760 a
376 3697 459 3772 Fato
481 3709 552 3762 ante
572 3697 668 3763 iactas
690 3717 817 3772 causas,
851 3694 1048 3760 manifestum
1070 3707 1118 3758 est
1138 3695 1171 3758 in

168 3799 207 3864 iia
235 3821 317 3892 quae
344 3799 408 3886 legi
443 3813 652 3870 consentanea
684 3809 802 3886 agunt,
847 3797 950 3864 etiarn·
966 3799 1070 3884 legsm
1096 3797 1171 3864 sors
