2748 4514
212 321 271 384 116

212 489 403 580 ἀναγκαίοις
427 512 460 554 τι
483 493 538 554 καὶ
559 486 920 612 προκαταβεβλημὲνοις
937 477 1003 550 ὑπὸ
1025 483 1083 564 τῆς
1108 483 1230 574 ἕιμαρ-’

212 600 308 716 μένης
329 591 447 668 άιτίοις
470 593 572 670 ε’ίνοιι,
594 584 737 671 δῆλον
716 613 759 666 ως
773 592 829 654 καί
846 590 915 663 τοῖς
931 580 1123 677 πράσσουσι
1139 587 1225 652 καθ

213 695 317 825 ὁρμὴν
337 693 380 763 τά
402 690 470 778 κατ’
498 690 612 761 άυτὸν
625 697 685 773 ¹⁸),
713 694 746 786 ἐν
770 697 850 768 τοῖς
866 690 1076 779 περιεστῶσιν
1104 684 1228 810 ἀιτίοις

212 807 268 868 καὶ
293 796 393 876 ἀυτὸς
430 797 521 864 ἐσται
557 799 885 916 κατηναγκασμένος,
923 791 962 860 ού
992 786 1228 883 περιστήσεται

213 907 247 970 δὲ
233 909 336 982 ὲτοῖς
357 896 541 992 πράττουσι
565 897 607 965 τά
628 895 674 986 μὴ
700 894 769 964 κατ’
795 893 897 964 άυτόν
921 900 974 978 ¹9),
1022 894 1060 961 Οἱ
1086 899 1122 962 δὲ
1144 891 1227 966 ταύ-

213 1031 272 1088 την
291 1007 350 1072 τοῦ
367 1002 412 1093 66
430 999 589 1094 πράσσειν
610 999 654 1068 τὰ
671 999 757 1067 κατά
781 997 858 1078 τούς
877 995 999 1089 νόμους
1020 998 1146 1087 ὲγοντες
1167 994 1229 1079 τὴν

215 1108 344 1190 ἀιτίαν,
365 1100 574 1197 πρόδηλον
553 1132 595 1182 ως
613 1100 673 1171 ούκ
693 1102 734 1171 ἀν
746 1108 949 1197 ψέγοιντο
927 1099 1058 1224 (669
1021 1127 1085 1193 γαρ
1104 1099 1226 1186 ἀξιοις)

214 1211 252 1280 τὸ
277 1215 357 1331 γοῦν
385 1210 479 1291 ²⁰6³
464 1233 497 1275 εν
523 1214 623 1284 τοῖς
614 1208 804 1298 περιεστῶσι
829 1231 893 1274 κατ
930 1203 1074 1328 ἀνάγκην
1094 1200 1224 1285 ἀιτίοις,

215 1311 266 1393 ὁις
285 1312 330 1401 66
350 1316 493 1379 ἕπεσθαι
515 1306 635 1378 καθ’(
619 1307 724 1401 ορμὴν
746 1306 806 1397 ούχ
823 1304 949 1390 ὁῐόντε,
971 1305 1030 1376 ούκ
1047 1295 1088 1391 ἦν
1110 1311 1146 1376 ἐκ
1162 1309 1226 1375 τῶν

215 1413 323 1503 νόμων
343 1412 456 1494 ἀιιία,
478 1409 546 1479 κατ’
574 1408 718 1500 ἀνάγκην
745 1409 820 1480 τινά
839 1416 896 1480 καὶ
920 1415 1116 1500 ἑιμαρμίνην
1140 1437 1226 1502 παρ-

216 1526 299 1586 εῖναι
316 1519 526 1604 κεκωλυμένη.
586 1510 692 1582 Ἀλλά
716 1510 820 1594 ὁύτως
844 1541 880 1602 γε
902 1509 971 1584 066
994 1512 1035 1582 ἂν
1055 1511 1157 1603 νόμος
1178 1515 1224 1583 ἔτι

216 1623 282 1703 ίίη,
311 1620 390 1707 ἔχων
411 1619 525 1710 καίπερ
543 1622 707 1707 θεμένους
729 1614 830 1686 ἀνιὸν
853 1615 919 1701 ²¹),
951 1619 1014 1709 ε’ίγε
1034 1614 1099 1709 χρὴ
1119 1613 1225 1710 τούτῳ

164 1729 166 1738 ’
215 1725 405 1793 πείθεσθαι
432 1723 536 1808 λέγειν
561 1723 594 1803 έξ
619 1717 980 1811 ἀνάγκης-ἑπομένους,
1008 1727 1062 1788 καί
1083 1717 1162 1800 τούς
1181 1718 1226 1806 μὴ

215 1829 438 1914 πειθομένους
463 1820 527 1892 ἀπὸ
550 1820 693 1912 ἀνάγκης
720 1820 810 1902 τινὸς
833 1825 1024 1892 πείθεσθαι
1047 1827 1226 1912 κεκωλυμέ-

213 1956 307 2010 νους,
343 1920 425 1995 ὥστε
457 1920 538 1995 πολύ
570 1919 611 1995 ἀν
641 1923 869 2019 ἀληθέστερον
898 1928 944 2010 ε’ίη
964 1930 1223 2016 ’συνειλημμένον

215 2031 273 2098 τὸ
292 2027 382 2100 Ει”
363 2054 433 2096 εστι
449 2023 586 2108 τοιαύτη
602 2029 797 2147 6666666,
821 2025 879 2094 οὐκ
902 2028 972 2096 ἔστι
991 2025 1109 2118 νόμος,
1131 2025 1226 2097 ἀναι-

130 2135 133 2141 ’
216 2137 377 2225 ρουμένου
400 2133 436 2196 δὲ
459 2125 580 2216 νόμου,
602 2136 657 2194 καί
678 2127 737 2196 σὺν
756 2126 845 2222 ἀυτῷ
862 2126 1099 2230 άμαρτὴματός
1118 2137 1225 2200 τεκαὶ

216 2228 500 2325 κατορθώματος,
534 2226 690 2323 ἀναιροῐύ
721 2229 762 2301 ἀν
786 2229 847 2353 (69
873 2240 929 2302 καὶ
957 2232 1052 2303 ἀυτοὶ
1082 2232 1141 2302 ὁιά
1168 2236 1225 2318 τῆς

216 2335 426 2413 ἀκολουθίας
447 2329 694 2422 ἐλάμβανον
654 2361 712 2416 της
735 2333 822 2402 κατά
841 2334 898 2404 τὸν
916 2333 1014 2426 λογον
1022 2334 1170 2428 ,)αρετὴ
1191 2363 1225 2405 τε

216 2448 272 2510 καλ
296 2438 412 2520 κακία,
447 2442 503 2507 καί
530 2434 569 2504 τὸ
595 2439 677 2505 έῐναί
701 2463 733 2505 τι
759 2440 793 2507 ἐν
813 2435 1009 2531 ἀνθρώποις
1029 2438 1166 2533 ἀισγρόν
1190 2467 1225 2509 τε

217 2551 272 2612 καί
295 2539 412 2624 καλὸν,
433 2545 489 2608 καί
509 2536 676 2609 ἐπαινετόν
696 2565 731 2608 τε
751 2547 808 2608 καί
826 2540 970 2637 ψεκτὸν,
992 2551 1048 2612 καὶ
1068 2546 1165 2633 τιμῆς
1190 2571 1224 2613 τε

217 2654 273 2715 καί
304 2641 470 2723 κολάσεως
498 2642 599 2726 ἀξιον.
656 2640 758 2711 Ούδὲν
783 2642 851 2736 ἀρα
879 2649 966 2732 μένει
990 2648 1050 2715 τού
1074 2644 1138 2716 ἀπὸ
1166 2650 1225 2716 τοῦ

217 2745 301 2838 μετά
318 2743 482 2830 τοσαύτης
497 2751 608 2836 τέχνης
625 2741 832 2836 ι’γρωτημὲνου
846 2745 946 2837 λόγου
962 2755 1225 2840 κατασκευασμέ-

219 2877 278 2919 νου
301 2853 357 2932 ⁹²).
396 2846 643 2932 Ἀκολουθήσω
664 2875 699 2918 τε
719 2847 832 2931 άυτοῖς
853 2849 1039 2944 ἀρξαμένων
1061 2849 1224 2936 κάτωθεν,

219 2950 427 3033 ἀκολουθία,
458 2947 500 3033 ἣν
526 2958 671 3021 ἕπεσθαι
698 2956 830 3041 λέγουσι
852 2961 922 3036 τοῖς
945 2953 1091 3049 ἀναιρεῖν
1110 2983 1226 3048 πειρω-

217 3060 331 3146 μένοις
348 3051 386 3121 τὸ
411 3050 461 3146 ἐφ’
485 3050 561 3175 ἡμῖν
585 3058 683 3137 ε’ἴναι,
707 3053 749 3136 ὡς
771 3054 867 3126 ἀυτοὶ
884 3059 1055 3151 τηροῦντες
1077 3056 1162 3142 2³)‘
1146 3085 1226 3149 ομο-
1286 3069 1288 3074 ’

218 3153 464 3247 λογουμὲνως’
444 3155 544 3238 αυτὸ,
577 3155 685 3225 διά
652 3183 690 3225 το
712 3157 908 3251 προβάλλειν
932 3161 1091 3242 ἀλλοις
1069 3169 1226 3257 αφαιρείν

218 3258 301 3380 ἀυτὸ
327 3255 393 3344 24),
440 3261 487 3352 66
518 3255 563 3347 66
592 3263 698 3328 δοκεῖν
705 3261 912 3388 666666‘
901 3260 920 3332 οΙ
952 3272 1008 3332 καί
1037 3263 1225 3360 διαφεύγειν

218 3359 377 3450 ἡγοῦνται
403 3363 462 3443 2⁵).
500 3358 550 3430 Ἔι
578 3359 641 3452 γάρ
668 3359 713 3451 66
738 3368 801 3433 ἐισι
824 3374 933 3456 τιμαὶ,
967 3373 1049 3458 μηδὲ
1076 3365 1225 3450 κολάσεις

218 3462 345 3532 ούὸὲ”
326 3487 471 3548 επαινοι,
515 3461 591 3534 οὐδὲ
618 3464 740 3559 ψόγοι,
778 3472 805 3536 έι
837 3474 872 3537 δὲ
858 3469 949 3600 ἐμὴ
979 3476 1107 3596 ταῦτμ,
1148 3469 1233 3540 οὐδὲ·

219 3564 473 3659 κατορθώματοί
493 3593 527 3637 τε
552 3575 607 3637 καὶ
635 3566 884 3695 ἁμαρτήματα,
912 3579 941 3642 ἐι
965 3579 1001 3642 δε
1027 3574 1090 3706 66
1102 3577 1224 3656 ταῦτα,

217 3775 308 3839 θεοι.
357 3768 464 3840 Ἀλλά
490 3773 556 3862 μὴν
581 3773 620 3842 τὸ
643 3780 790 3903 πριίτον,
826 3777 865 3845 τὸ
888 3778 934 3866 66
962 3783 1044 3850 ἐῖναι
1067 3779 1149 3870 μήτε
1176 3807 1223 3848 τι-

133 3939 136 3946 ,
215 3872 283 3964 μάς
311 3861 362 3956 ²⁶6
399 3872 480 3963 μήτε
511 3873 707 3956 κολάσεις
696 3884 806 3949 ε’πεται
843 3885 889 3996 66
924 3879 1031 3954 πάντα
1066 3887 1222 3972 γίνεσθαι
