2748 4514
183 286 208 310 ⁵
257 314 306 377 αο

260 475 387 556 αυτούς
412 472 433 557 ’ἡ
462 480 521 564 μὲν
549 467 707 559 ἀγαθὸν,
742 465 820 550 ἡδὲ
845 463 967 545 κακὸν,
1000 469 1055 531 καὶ
1081 460 1176 530 οὐδὲν
1202 463 1282 528 τῶν

265 581 372 649 ἄλλων
389 576 476 661 ζώων
502 573 673 666 οὐδέτερον
695 567 818 638 τούτων
842 573 928 636 ἐστὶν
950 563 1170 646 ἐπιδεκτικὸν,
1202 565 1280 631 τῶν

263 677 504 806 δέαγθριοπων
521 683 711 747 οἱπλεῖστοι
725 681 835 754 κακοὶ,
857 674 1039 762 μᾶλλονδὲ
1056 666 1194 756 ἀγαθὸς
1206 677 1279 755 μὲν

262 785 340 868 έῖςη
335 779 544 876 δεύτερος
527 779 577 849 στί
598 779 705 848 ἀυτῶν
725 781 895 867 γεγονέναι
914 771 1122 864 μυθεύεται,
1159 765 1277 858 ὥσπέρ

241 902 243 906 ’
262 914 296 957 τι
318 883 505 980 παράδοξον
526 887 606 967 ζῶον
627 889 682 950 καὶ
703 879 795 974 παρὰ
818 877 936 975 φύσιν,
968 872 1189 967 σπανιώτερον
1207 877 1276 942 τοῦ

270 993 424 1070 Φοίνικος
445 989 477 1072 2)
505 991 564 1056 τού
588 1014 655 1080 παρ
682 981 887 1080 Αιθιὸφιν,
910 984 1001 1049 ολδέ
987 975 1145 1056 έποίντες
1170 1003 1274 1044 καιτοι

258 1101 319 1162 ’και
337 1095 448 1175 ἐπίσης
467 1082 621 1174 ἀλλήλοις
642 1091 807 1169 τοιοῦτοι,
830 1083 873 1165 ὡς
892 1087 993 1174 μηδὲν
1014 1086 1184 1204 διαφέρειν
1206 1079 1273 1148 δέλ-

237 1195 755 1284 601266606666006632
788 1186 908 1278 ὁμοίως
942 1182 1086 1267 πάντας,
1123 1175 1199 1251 ὅσοι
1214 1181 1270 1306 μὴ

256 1307 362 1390 σοφοὶ
374 1351 383 1381 ,
419 1299 487 1376 πῶς
517 1294 576 1366 ούκ
600 1295 642 1364 ἂν
667 1289 882 1362 ἀθλιώτατον
904 1292 985 1372 ζῶον
1010 1284 1141 1357 πάντων
1163 1283 1182 1354 6
1208 1285 1270 1354 ἄν·

260 1403 435 1522 Ιι2ι2ρωπος’
419 1402 483 1483 είη,
520 1401 599 1488 έχων
627 1394 686 1480 την
714 1422 748 1463 τε
776 1396 892 1462 κακίαν
918 1399 973 1461 καὶ
1007 1389 1046 1459 τὸ
1078 1393 1268 1480 μαίνεσθαι

260 1501 417 1624 σύμφυτα
438 1500 545 1596 ἀστῷ,
567 1507 623 1569 και
641 1502 958 1652 σογκεκληρωμέγας
963 1491 1069 1564 6666
1085 1492 1130 1560 τὰ
1152 1503 1216 1583 μὲν
1237 1496 1267 1576 ⁵)

259 1605 319 1686 τὰς
341 1573 625 1729 παραδοξολογίας
658 1597 689 1686 2)
721 1600 829 1670 ἀστῶν
853 1599 913 1679 τὰς
942 1602 975 1666 έν
1000 1624 1075 1676 ταις
1100 1593 1268 1687 δόγμασιν

262 1707 433 1792 ἐξετάζειν,
482 1705 521 1777 δι
560 1699 604 1776 ὧν
638 1705 721 1795 πρὸς
764 1702 902 1788 τάληθῆ
935 1703 1143 1796 διαφωνοῦσι
1175 1705 1265 1771 πλεί-

260 1837 339 1882 στον
360 1815 405 1896 5),
426 1811 647 1906 παραιτητέον
667 1813 727 1879 τού
749 1812 821 1879 νῦν·
844 1810 1013 1876 ἐπανιτέον
1035 1808 1070 1873 δὲ
1092 1797 1181 1874 ὅθεν
1201 1805 1264 1887 ἐξε-

260 1913 474 2010 τραπόμεθα.
1014 1933 1016 1945 ’

315 2118 498 2210 Ἕδείξαμεν
522 2125 558 2188 δὲ
583 2114 635 2189 ὅτι
668 2115 770 2199 ύύτως
792 2115 837 2186 ἐπ’
867 2115 956 2210 αυτῷ
983 2104 1029 2210 τῷ
1051 2115 1201 2210 φρονίμῳ
1223 2108 1262 2180 τὸ

258 2224 341 2290 ἐῖναι
364 2219 521 2315 τοιούτῳ,
544 2215 597 2291 ὅτι
614 2226 672 2306 τῆς
694 2218 848 2305 τοιαύτης
870 2223 959 2312 ἕξεως
973 2224 1008 2302 ’2)
1033 2227 1089 2287 καὶ
1107 2221 1167 2303 τῆς
1188 2213 1263 2300 κτη-

254 2345 338 2404 σεως
358 2321 460 2408 ὰοτῆς
482 2324 606 2408 ολίτιος,
638 2328 685 2420 ,τῷ
706 2333 761 2394 καλ
782 2327 842 2393 τού
867 2327 923 2406 2ο)
944 2321 990 2412 μὴ
1008 2327 1173 2410 γενέσθαι
1194 2347 1262 2390 τοι·

257 2431 354 2508 οὗτος
378 2429 459 2518 ἔχειν
484 2425 644 2522 πρότερον
671 2428 731 2513 τὴν
753 2429 916 2511 εξονσίαν·
952 2426 1012 2509 τὴν
1036 2436 1097 2516 μὲν
1117 2424 1177 2494 ὀῦν
1201 2427 1262 2507 ἕξιν

176 2569 180 2590 ι
254 2528 363 2652 μηκέτ’
388 2533 469 2622 ἔχειν
491 2529 535 2600 έπ
562 2530 651 2626 εἰιιτῳ
675 2532 724 2616 2)
758 2525 862 2622 ὥσπερ
885 2525 960 2597 ούδέ
946 2533 1038 2625 έτῷ
1066 2527 1171 2598 ἆοτὸν
1199 2525 1261 2596 ύπύ

257 2628 367 2754 ύφονς
383 2633 500 2723 ἀφέντι
519 2635 559 2704 τὸ
581 2640 714 2718 στῆναι,
737 2636 792 2702 καί
816 2659 869 2701 τοι
888 2636 947 2700 τοῦ
942 2635 1065 2758 ῥίῳαι
1083 2660 1117 2702 τε
1140 2641 1196 2701 κοιλ
1215 2639 1261 2724 με)

256 2735 315 2818 τὴν
337 2739 522 2819 ἐξοσσίαν”
503 2755 627 2828 εχοντι·
658 2737 702 2807 ἐπ
725 2735 832 2806 ὰοτῶν
857 2740 891 2804 δὲ
914 2738 979 2806 τῶν
994 2741 1260 2830 ἐνεργειῶν,ων

255 2837 313 2920 τὴν
335 2842 438 2920 ἕξιν”
419 2867 498 2930 εχιον
519 2846 656 2935 ἐνεργεῖ,
678 2848 732 2910 και
751 2839 799 2963 μὴ
815 2842 960 2923 ’ποιησαί
976 2867 1060 2909 τινα.
1102 2839 1234 2909 Καὶ
1196 2870 1258 2932 γαρ

251 2933 328 3008 6⁰
308 2967 361 3010 οτι
386 2939 533 3030 μάλιστα
559 2943 694 3033 ἐύλογον
725 2944 763 3012 τὸ
797 2941 853 3011 τὸν
885 2941 1050 3038 φρόνιμον
1085 2943 1173 3011 κατὰ
1204 2943 1259 3012 τὸν

251 3040 354 3132 λόγον
381 3051 436 3112 καὶ
466 3044 527 3128 τὴν
558 3045 720 3141 φρόνησιν
755 3047 913 3137 ἐνεργείας
940 3051 1091 3140 ἐνεργεῖν,
1130 3051 1259 3141 πρῶτον

248 3157 313 3237 ’μὲν
340 3145 401 3238 ούχ
429 3145 627 3241 δρωμένας,
673 3156 710 3218 αἱ
730 3153 776 3217 ’δέ
814 3177 899 3228 τινες
927 3153 1081 3218 τοιαύταν
1112 3147 1134 3234 ἢ
1165 3157 1257 3244 μέχρι

251 3254 348 3320 ’τοῦδε
370 3248 611 3375 ἐγεργούμεναι,
633 3249 701 3321 ἀλλ’
726 3255 814 3322 ἔστιν
835 3257 867 3321 ἓν
887 3251 1003 3323 πλάτει
1024 3257 1052 3335 ³)
1072 3261 1136 3322 τινὶ
1150 3251 1258 3324 πάντα

229 3449 232 3454 Ι
254 3352 296 3420 τὰ
319 3353 475 3446 γινόμενα
499 3354 587 3426 κατὰ
608 3358 725 3424 τοῦτον
746 3354 805 3424 τὸν
822 3353 945 3450 τρόπον
964 3352 1014 3440 4),
1049 3363 1106 3426 καὶ
1130 3357 1171 3426 τὸ
1193 3382 1257 3426 πα-

249 3458 415 3578 ραμικρὸν
447 3463 525 3542 5)
509 3485 542 3529 εν
569 3455 699 3539 τούτοις
722 3456 781 3528 ούκ
807 3457 938 3553 ὰναιριῑ
963 3459 1001 3528 τὸ
1031 3462 1263 3584 προκείμενον·

253 3559 364 3626 ἔπειτα
385 3567 420 3628 δὲ
446 3562 483 3630 οὐ
502 3568 816 3657 κατηναγκασαένως
833 3561 1030 3685 ὁῳρόνιιιος
1047 3554 1091 3632 ὧν
1112 3561 1254 3656 ὰιρεὶται

252 3667 285 3728 τλ
303 3658 441 3754 πράττει
470 3662 523 3751 6),
555 3664 670 3736 οἰλλΗ
648 3695 691 3747 ως
705 3674 768 3736 καλ
790 3671 848 3735 τού
864 3667 910 3756 μὴ
918 3668 1052 3790 μρᾶξαι
1077 3693 1110 3735 τι
1131 3665 1255 3758 τούτων

252 3760 353 3845 ἀστὸς
380 3764 423 3835 ιύν
455 3767 577 3862 κύριος.
628 3767 786 3858 Ἕύλογον
816 3769 879 3862 γὰρ
912 3768 954 3838 ἂν
981 3767 1074 3852 δέξαι’
1103 3775 1182 3840 ποτε
1208 3776 1253 3866 τῷ

251 3871 400 3966 φρονίμῳ
425 3880 480 3940 καὶ
505 3871 586 3966 ὑπὲρ
612 3877 671 3943 τοι]
696 3877 798 3958 δείξαι
828 3871 866 3942 τὸ
895 3876 959 3943 τῶν
983 3875 1146 3965 ἐνεργειῶν
1168 3873 1253 3946 ἐλεύ-
