2754 4510
259 219 319 336 ιιι

259 421 314 518 td)
339 428 610 524 χαλεπωτάτη
640 436 770 514 δοκεῖ,
805 433 856 526 τῷ
886 435 1023 502 δοιιεῖν
1055 428 1143 510 ete]
1177 427 1282 496 δοκεῖ

256 539 261 546 ’
343 540 458 603 addunt
482 539 577 602 Μοιι.
603 537 679 599 Ald.
707 537 738 596 2.
767 533 873 600 Casel.
897 533 1046 622 Bagolin.
1074 545 1106 597 et
1126 529 1274 596 Grotius

342 640 374 702 in
392 658 477 701 vers.
500 638 556 699 lat.
580 635 728 700 omittunt
753 635 830 700 Ald.
854 636 886 698 1.
906 645 938 698 et
954 634 1064 697 Lond.
1084 631 1159 712 (0.)
1194 632 1274 694 Pro

340 740 374 804 ἐν
401 733 484 830 ἀυτῇ
515 739 720 820 exspectabas
746 739 779 805 ἐν
808 731 898 826 ἀντῷ
930 735 1001 800 scil.
1015 815 1018 820 Ι
1034 735 1080 826 τῷ
1096 728 1273 820 Ιδόγματι.

335 840 448 923 (Uasp.
468 839 587 916 Orell.)

258 925 311 1020 ll)
340 939 516 1027 ἑκατέρᾳ
536 929 688 1015 πολλὰ]
712 933 787 997 Ald.
805 936 837 996 1.
860 927 997 1022 ἑκάτερα
1012 927 1121 1020 πολλὰ
1133 931 1273 996 vitiose.

258 1041 312 1122 18)
340 1040 379 1107 τί
401 1040 460 1122 εἰή
482 1037 530 1106 ἂν
549 1039 696 1128 μείζω]
719 1038 769 1100 Ita
785 1035 890 1100 Casel.
908 1038 1073 1099 emendans
1092 1034 1272 1099 lectionem

342 1145 543 1226 depravatam
576 1145 607 1208 εὶ
639 1142 700 1207 εἰεν
730 1139 826 1226 μείζω
854 1137 990 1202 Aldinae
1019 1138 1052 1202 2.
1088 1113 1204 1202 Ηιινιι.
1236 1149 1272 1202 et

341 1246 438 1309 Mon.
461 1265 554 1332 quam
575 1242 742 1310 lectionem
765 1241 944 1326 exprimunt
970 1240 1062 1304 etiam
1085 1241 1270 1328 Bagolinus

339 1358 372 1411 et
390 1349 487 1412 Grot.
531 1347 577 1410 At
593 1345 670 1412 Ald.
695 1347 726 1408 1.
747 1355 779 1408 et
800 1345 910 1408 Lond.
934 1337 1009 1410 οὐδὲ
995 1350 1030 1410 ἐν
1047 1337 1144 1431 ὀῑμαι
1156 1343 1268 1432 μείζω.

256 1547 356 1634 19)‘
340 1556 404 1632 οἷς
390 1495 653 1673 πράσσετε]
682 1550 759 1616 Ald.
778 1543 844 1614 2.
827 1544 1088 1641 οἴςιιράσσειαι.
1129 1550 1242 1624 Male.

255 1655 318 1720 20-
326 1656 418 1738 21)
402 1659 536 1747 ενρεῖν
557 1679 597 1721 εν
613 1682 682 1748 η
741 1653 916 1720 -ιιειιοιί
915 1654 1081 1736 ι’σθε]
1066 1678 1137 1747 ενη
1121 1641 1260 1719 Μοιι.

340 1770 371 1822 et
383 1757 460 1822 Ald.
477 1757 509 1822 2.
524 1779 622 1844 quare
638 1779 708 1821 cum
704 1695 848 1821 “Caselio
862 1757 984 1822 restitui
994 1756 1183 1838 ιιειιοιησθε
1198 1778 1261 1843 pro

337 1862 528 1943 πεποίηται,
560 1872 595 1924 ut
616 1882 723 1925 sensus
750 1860 790 1924 sit
810 1861 912 1925 nulla
937 1869 1123 1925 vestrarum
1149 1863 1258 1925 actio·

339 1985 421 2028 ιιιιιιι
439 1966 623 2029 invenietur
640 1995 785 2015 -----
806 1963 841 2023 ιἰι
860 1958 1052 2044 quajinem
1072 1959 1166 2026 vobit
1180 1980 1259 2042 pro·

338 2067 488 2148 positum
520 2061 716 2127 habueritis.
769 2055 848 2124 Al'd.
875 2061 907 2124 1.
936 2061 1045 2124 Lond.
1076 2071 1107 2122 et
1135 2059 1256 2145 Bagol.

339 2167 442 2250 ἑνρεῑν
466 2155 525 2242 ἣ·
545 2161 810 2243 ηπεποίηεαι,
836 2161 1257 2248 qaaestnemat‘biprepo-

334 2268 438 2330 situm
456 2263 623 2331 habuerit.
665 2263 738 2346 (Ο.)

255 2365 311 2496 22)
333 2360 391 2432 Ει
413 2364 457 2431 δε
476 2363 538 2446 τι]
574 2364 628 2430 Ste
649 2366 727 2430 Ald
745 2371 776 2431 1.
800 2370 895 2433 Μοιι.
915 2379 946 2433 et
966 2369 1076 2435 Lond
1120 2367 1254 2451 Expun-

340 2478 419 2554 gunt
445 2491 477 2535 τι
500 2460 579 2532 Ald.
602 2468 635 2533 2.
658 2482 690 2534 et
707 2469 814 2535 Casei
852 2471 926 2552 (Ο.)

254 2571 354 2655 23)’
338 2594 666 2659 ιντνγχανονσιν
685 2569 780 2661 ὑμῖν
801 2598 853 2664 τῳ
838 2572 1046 2664 βιβλιῳ]
1068 2573 1253 2640 EdLond.

248 2717 253 2736 .
339 2674 448 2740 vertit.
471 2695 506 2738 tn
527 2673 652 2740 librum
675 2677 765 2740 Ιιιιιιο
790 2673 1023 2753 incidentibus,
1056 2675 1199 2742 simililer
1223 2691 1254 2742 et

339 2779 485 2843 Grotius.
529 2777 593 2841 Sed
624 2771 826 2864 ἐντυγχάνειν
851 2778 969 2872 βιβλίῳ
997 2780 1049 2842 vel
1070 2779 1251 2874 γραφῇειι

340 2879 462 2962 legere,
487 2879 563 2944 nihil
581 2879 725 2962 amplius.
758 2877 843 2944 Vide
861 2879 1056 2946 Boissonade
1074 2881 1114 2946 ad
1132 2883 1249 2948 Maria.

169 3046 171 3049 ,
287 3021 292 3033 ·
341 2982 399 3046 vit.
423 2982 535 3047 Procli
554 3005 632 3068 pag.
656 2983 709 3048 85.
733 2981 807 3062 (Ο.)

254 3084 309 3166 21)
338 3087 512 3153 δεῖσθαι
547 3080 658 3166 δόξει
700 3082 887 3174 ῥηθῆναι
922 3083 1247 3182 γνωριμώτερον]
1355 3155 1356 3158 ,

340 3187 392 3252 S1e
409 3186 487 3252 Ald
511 3188 542 3252 1.
561 3199 594 3252 et
617 3189 725 3252 Lond.
767 3188 829 3255 Sed
850 3187 928 3252 Ald.
952 3189 983 3253 2.
1012 3191 1107 3255 Μοιι.
1134 3205 1166 3257 et
1186 3194 1244 3260 Ca·

338 3291 431 3355 selius
447 3289 515 3376 (qui
535 3288 620 3354 addit
636 3291 702 3357 δεῖν
716 3301 790 3372 post
806 3289 968 3380 ῥηθῆναι)
987 3292 1090 3356 delent
1104 3297 1245 3366 δεῖσθαι,

338 3392 423 3458 Mihi
443 3393 610 3482 legendum
631 3391 755 3456 videtur
776 3395 914 3460 δεῖσθαι
935 3389 1020 3476 δόξει
1045 3393 1119 3464 ’τινὰ
1141 3399 1243 3488 ῥηθῆ-

336 3521 392 3563 ναι
411 3489 666 3587 γνωριμώτερον.
688 3495 763 3578 (Ο.)
808 3496 911 3576 Quum
934 3519 1029 3582 supra
1050 3499 1110 3578 sit,
1141 3495 1189 3570 'Et
1211 3505 1245 3570 δι’

337 3623 385 3678 τι,
418 3599 493 3663 nihil
526 3599 635 3663 attinet
666 3598 718 3663 hie
746 3599 890 3662 denuo
880 3599 975 3666 inseri
1005 3597 1088 3671 τινά.
1099 3589 1257 3702 (Cata.

334 3700 438 3766 Orell.
440 3705 454 3782 )
550 3752 551 3757 ,

253 3799 308 3884 25)
335 3825 416 3893 naq
413 3793 574 3890 ὑμῶν]
596 3801 693 3867 Μοιι.
715 3796 798 3904 aeds
819 3793 917 3890 ὑμῶν.
