2748 4514
1085 323 1125 385 69

108 505 142 556 ut
166 489 320 576 precetur
353 486 464 566 Deos,
499 501 534 554 ut
563 485 680 576 gratias
714 494 758 558 eis
788 479 883 581 agat,
917 481 957 559 nt
988 496 1126 580 denique-

107 607 182 681 agat
209 595 384 680 quicquam
412 615 541 670 eorum,
577 613 660 678 quae
689 615 749 678 par
777 611 826 662 est
854 599 925 663 lieri
946 601 986 662 ab
1008 600 1046 663 iis
1068 600 1123 683 qui

110 702 242 764 credunt
273 698 308 762 iu
336 707 495 780 potestate
521 717 591 762 esse
618 699 770 784 cuiusque
799 723 896 787 agere
925 724 1008 786 qnae
1042 703 1120 788 agit.

112 805 181 868 lmo
201 803 271 867 siue
300 800 352 864 his
381 800 448 864 rite
474 801 634 865 hominnm
664 801 767 866 vitalis
796 825 861 868 non
887 806 996 883 foret,
1035 817 1120 872 certe

112 927 174 970 nou
196 908 347 970 humana.

565 1115 666 1178 XXI.

175 1219 244 1284 sed
260 1217 428 1302 nequidem
450 1217 517 1281 sine
537 1217 679 1281 examine
698 1221 825 1285 transiri
847 1223 964 1305 debet,
1003 1222 1030 1286 si
1052 1223 1121 1306 quis

111 1335 213 1406 ponat
241 1321 338 1386 nuuc
367 1319 473 1385 verius
498 1341 566 1386 esse
593 1322 709 1406 alimiid
740 1325 772 1386 in
802 1337 912 1390 nostra
943 1337 1121 1408 potestate,

112 1426 196 1489 simt
216 1445 276 1489 uos
297 1423 508 1500 adstruimus,
548 1437 579 1487 et
607 1424 677 1508 ipsa
701 1428 794 1491 nohis
821 1440 990 1493 attestatur*
1013 1451 1122 1493 rerum

111 1541 246 1604 natura,
276 1548 372 1612 quam
395 1527 497 1591 omnia
520 1528 592 1592 Fati
612 1541 643 1592 et
668 1532 862 1596 necessitatis
879 1534 1016 1616 impulsu
1037 1533 1120 1610 lieri,

110 1635 167 1698 sed
195 1629 355 1696 utrumvis
381 1651 421 1692 ex
448 1645 551 1714 aequo
576 1653 644 1694 esse
666 1646 720 1696 aut
739 1647 858 1697 certum
881 1649 935 1698 aut
955 1637 1120 1712 incertum,

110 1747 213 1800 utram
236 1733 424 1798 sententiam
443 1733 620 1798 hominibus
639 1737 824 1817 persuaderi
849 1738 889 1800 sit
909 1740 1027 1814 tutius,
1052 1751 1083 1801 et
1105 1759 1123 1804 a

112 1839 259 1922 periculo
273 1837 452 1912 remotiuss
464 1847 495 1898 et
512 1848 583 1899 uter
604 1857 698 1901 error
716 1841 756 1900 sit
769 1841 985 1916 tolerabilior,
1010 1861 1123 1922 nempe

112 1943 274 2006 deuecta
295 1939 377 2002 Fato
400 1937 495 2015 liant,
525 1961 590 2003 non
614 1939 647 2002 id
672 1945 823 2018 eredere,
862 1945 918 2005 sed
942 1941 1123 2006 existimare

113 2067 171 2109 nos
193 2041 316 2127 aliquid
338 2043 451 2127 agendi
479 2054 533 2104 aut
558 2065 623 2106 nou
649 2045 762 2130 agendi
792 2067 860 2109 esse
886 2046 1048 2127 dominos,
1084 2067 1123 2108 an

115 2171 207 2225 vero,
236 2147 265 2214 si
286 2144 405 2228 aliquid
421 2145 462 2209 sit
478 2146 643 2227 potestatis
661 2159 801 2224 nostrae,
825 2161 860 2210 nt
880 2149 942 2212 iam
960 2149 1029 2212 esse
1043 2149 1124 2212 dixi·
1214 2231 1217 2238 Ι

113 2273 203 2327 mus,
228 2248 353 2332 opinari
373 2248 407 2310 id
428 2267 497 2312 esse
518 2249 664 2325 falsum,
683 2263 795 2315 eontra
813 2273 892 2317 vero
912 2265 1024 2316 semota
1045 2273 1129 2336 quae

113 2357 196 2418 liunt
219 2353 311 2416 etiem
343 2367 386 2416 ox
407 2365 520 2417 nostro
550 2351 721 2430 arbitratu,
760 2377 798 2418 ea
830 2355 1009 2419 necessario
1040 2353 1125 2417 fieri:

115 2461 234 2522 Nonne
261 2453 473 2518 manifestum
490 2475 546 2518 eos
569 2455 694 2538 quidem
723 2457 777 2540 qui
802 2458 875 2520 lieet
904 2470 1018 2521 cuneta
1042 2457 1128 2520 Fato

117 2561 214 2637 liant,
252 2561 384 2622 credant
412 2571 518 2622 tamen
549 2557 684 2642 aliquam
715 2579 749 2622 se
781 2561 899 2623 habere
929 2560 1042 2644 agendi
1073 2561 1129 2622 vel

118 2685 184 2729 non
217 2661 332 2747 agendi
368 2674 576 2745 potestatem,
635 2661 714 2726 nihil
750 2664 792 2726 ob
831 2665 912 2724 hane
944 2661 1127 2744 opinionem

118 2767 203 2830 circa
242 2787 294 2829 res
323 2767 460 2850 agendas
492 2785 642 2847 peccare,
693 2764 766 2850 quia
811 2765 931 2833 seilicet
968 2787 1128 2848 nunquam

120 2869 248 2934 omuino
290 2867 410 2932 domini
447 2878 537 2930 erant
582 2889 709 2930 suarum
740 2867 917 2942 actionum
970 2891 1068 2952 quiare
1102 2868 1130 2932 si

119 2973 188 3057 quis
213 2972 247 3035 iu
276 2993 317 3035 eo
343 2969 404 3034 erit
426 2953 541 3046 error,
576 2970 614 3034 iis
642 2971 726 3034 intra
753 2973 852 3034 verba
875 2971 1037 3034 consistet.
1082 2972 1130 3036 At

121 3097 200 3140 vero
218 3076 246 3139 si
263 3075 356 3138 aliter
369 3096 415 3137 se,
429 3095 480 3138 res
498 3076 612 3150 habet,
637 3085 669 3137 et
688 3073 805 3157 aliquid
825 3085 872 3137 est
889 3087 1017 3138 nostrae
1034 3087 1129 3156 pote-¹

121 3178 228 3254 statis,
262 3199 323 3241 nec
345 3188 457 3240 maneta
477 3177 554 3240 fiant
574 3177 814 3254 inevitabiliter,
838 3189 869 3240 et
887 3199 945 3242 nos
966 3179 1129 3241 credamus

120 3281 235 3344 nulline
256 3279 389 3343 actionis
411 3301 471 3344 nos
490 3301 559 3342 esse
578 3281 745 3356 dominos,
778 3282 874 3343 multa
900 3283 942 3342 ob
961 3279 993 3340 id
1013 3301 1129 3360 possu-

121 3407 189 3448 mus
211 3383 359 3448 omittere
381 3403 491 3445 eorum
515 3405 595 3468 quae
615 3383 685 3446 lieri
705 3394 876 3466 poterant,
902 3403 1044 3465 quaeque
1057 3383 1130 3446 fieri

120 3489 310 3572 oportebat,
345 3505 457 3568 nempe
486 3485 512 3548 si
538 3486 701 3550 consilium
728 3486 936 3568 cepissemus,
973 3485 1057 3548 etsi
1083 3487 1129 3550 la-

120 3595 215 3657 bores
245 3589 301 3674 qui
334 3590 374 3651 ad
401 3609 451 3652 res
481 3591 616 3674 agendas
650 3600 722 3652 sunt
750 3586 938 3664 necessarii,
977 3603 1130 3673 prompto

119 3693 369 3778 suscepissemus
390 3691 516 3767 animo,
541 3693 580 3754 ad
602 3713 682 3776 quae
703 3691 771 3754 istis
797 3690 897 3754 modis
920 3695 1041 3776 agenda
1063 3706 1130 3757 tan-

119 3799 224 3862 ‹liores
248 3795 373 3860 scilicet
398 3815 458 3858 nos
485 3794 597 3858 lecerit
623 3795 682 3857 ista
706 3794 832 3876 opinio,
869 3793 1009 3858 futurum
1039 3797 1130 3860 eliam

117 3901 210 3968 uobis
255 3911 336 3994 non!
367 3897 561 3962 mirantibus·
587 3898 619 3963 id
654 3899 741 3982 «ploti
781 3898 850 3963 lieri
873 3909 1133 3982 «maturemus,
