2748 4514
1100 319 1147 414 ee

113 475 306 558 Quomodo
332 477 554 564 Agamemnon
575 490 661 564 recte
680 492 779 547 semet
796 485 1016 568 condemnavit
1036 487 1143 574 dicens

111 601 186 644 nec
216 601 304 667 ego
341 581 381 644 id
414 580 547 667 nego?
589 584 671 646 Nam
689 583 717 646 si
747 585 929 650 Alexander
953 599 1143 670 potestatem

112 685 227 750 habuit
264 685 445 768 spernendi
472 685 576 751 omnia
608 685 668 750 ista
698 686 952 768 circumstantia,
998 714 1078 776 quae
1103 697 1145 760 ad
1173 771 1175 786 ,

111 799 244 870 raptum
271 809 350 852 eum
365 787 555 864 incitabant,
580 801 633 852 atu
645 790 812 855 Menelaus
829 813 888 868 ea,
913 815 993 876 quiae
1009 799 1048 861 ad
1061 797 1142 864 iram

112 913 185 954 etum
207 891 445 974 impellebant,
480 904 533 954 aut
555 892 778 977 Agamemnon
800 914 837 956 ea
861 897 904 958 ob
929 919 1010 979 quiae
1027 913 1138 978 semet,

110 1007 146 1060 ut
175 1008 315 1062 sontem
338 1006 484 1071 accusat,
522 994 604 1059 iuste
632 1017 740 1060 omnes
762 995 809 1060 illi
835 998 1050 1080 culparentur.
1093 1004 1143 1068 At

111 1099 139 1162 si
162 1099 246 1164 olim
269 1109 305 1163 et
328 1110 400 1162 ante
420 1098 513 1174 olim,
538 1109 570 1161 et
590 1109 755 1182 antequam
775 1099 872 1162 ullum
890 1099 1014 1166 illarum
1031 1125 1139 1170 rerum

111 1202 246 1266 initium
271 1201 462 1278 exsisteret,
487 1223 598 1290 uenum
615 1202 676 1266 fuit
700 1202 733 1264 id
754 1205 840 1284 quod
858 1203 920 1266 iam
938 1206 977 1268 de
1003 1189 1138 1291 siugulis

112 1305 279 1382 diximum,
304 1304 338 1370 id
359 1305 461 1386 ipsum
483 1325 616 1386 nempe,
641 1305 683 1368 ob
703 1307 791 1389 quod
810 1305 944 1389 quisque
962 1311 1137 1392 reprehen-

115 1409 231 1485 ditur,
270 1410 437 1492 quomodo
462 1407 523 1490 ipsi
552 1410 591 1472 de
615 1408 767 1492 hisquae
799 1409 883 1500 lacta
912 1423 985 1475 sumt
1010 1413 1137 1504 culpam

114 1511 252 1576 serent?
290 1514 377 1574 Tum
403 1533 485 1576 vero
514 1514 677 1594 quomodo
713 1510 878 1596 quisquam
906 1512 1077 1596 explicabit
1103 1517 1139 1580 iu
1244 1557 1250 1564 -

113 1616 211 1708 uobis
235 1637 310 1680 esse
334 1615 467 1680 virtutes
490 1613 644 1681 stultia?
672 1615 845 1695 Quomodo
865 1615 892 1678 si
912 1615 956 1678 ita
979 1617 1056 1682 laeli
1081 1641 1136 1682 su-

115 1705 211 1796 mns',
252 1708 339 1784 inste
364 1717 416 1781 alii
439 1699 601 1804 florebunt
624 1717 786 1794 laudibus,
825 1717 878 1782 alii
896 1720 1055 1808 ¹dedecore
1077 1724 1133 1789 ad·

115 1819 346 1908 spergentur?
377 1821 465 1886 Nihil
493 1820 574 1884 enim
598 1822 677 1883 haee
704 1819 856 1882 sententia
881 1823 1036 1902 praebet,
1073 1823 1134 1888 nisi

115 1924 337 2008 patrocinium
353 1925 438 1988 malis
461 1924 594 1988 actibus.
638 1922 792 1986 Videmus
810 1922 891 1985 enim
913 1922 1054 2004 pulchris
1071 1925 1133 1988 ho-

118 2030 286 2112 nestisque
316 2027 492 2094 actionibus
517 2026 671 2090 neminem
699 2047 768 2090 esse
796 2025 851 2110 qui
871 2026 984 2090 Fatum
1007 2047 1133 2091 causam

119 2132 303 2208 adscribat,
328 2142 489 2196 utcontra
516 2130 571 2214 qui
592 2129 666 2193 mali
686 2141 759 2192 sumt
779 2128 883 2194 dicere
903 2150 937 2192 se
959 2130 1038 2194 tales
1063 2151 1134 2203 esse

118 2233 154 2296 vi
176 2235 268 2309 Fati,
310 2213 439 2316 qui‘ubi
460 2233 604 2296 audirent
628 2235 692 2296 hoc
713 2244 745 2296 et
768 2233 980 2315 philosophos
1006 2233 1129 2309 dicere,

120 2340 288 2420 quomodo
314 2358 380 2400 non
408 2337 533 2400 abiecto
562 2339 686 2419 pudore
714 2346 745 2398 et
769 2335 831 2418 ipsi
853 2338 892 2400 ad
917 2335 990 2400 talia
1014 2351 1141 2420 prooe·.

119 2441 212 2517 dcnt,
244 2451 278 2503 et
297 2440 377 2506 alios
398 2442 437 2503 ad
459 2443 567 2518 eadem
587 2438 824 2504 hortabuntur?

569 2873 688 2937 XVII.

181 2977 361 3059 Quomodo
378 2987 481 3040 autem
499 2976 553 3060 qui
574 2977 619 3040 sic
633 2974 770 3039 sentirmt
794 2975 878 3039 tueri
898 2986 1049 3059 poterunt
1063 2976 1131 3050 ne,-

120 3099 211 3144 orum
247 3083 290 3143 de
324 3081 421 3144 rebus
457 3081 598 3144 humanis
637 3075 768 3143 curam?
818 3081 900 3142 Nam
932 3077 958 3143 si
986 3065 1131 3143 Deoieuu

120 3193 268 3260 ostenta,
308 3205 391 3267 qnae
409 3183 577 3246 interdum
588 3171 731 3250 euenisse
750 3183 918 3258 dicuntum,
952 3181 1038 3244 facta
1059 3191 1134 3246 stou

119 3303 161 3346 eu
186 3307 285 3350 censa
304 3286 475 3363 aoteiaeta,
512 3287 557 3349 ita
571 3298 606 3352 ut
624 3290 764 3352 nondum
785 3297 861 3348 nato
883 3284 1010 3348 illenim
1026 3283 1140 3358 homi-1

119 3409 193 3450 num
219 3389 329 3473 aliquo
356 3411 467 3468 verum
490 3391 587 3454 luerit
612 3413 628 3453 a
656 3389 734 3454 Deis
759 3389 888 3471 aliquod
916 3386 990 3450 hnic
1017 3385 1131 3449 auxili-

116 3511 169 3554 um
182 3491 276 3569 lore,
300 3497 464 3576 quomodo
482 3513 600 3577 quaeso
615 3495 679 3558 hoc
692 3494 798 3575 ipsum
814 3507 920 3553 cunam
940 3490 1033 3554 alicui
1050 3508 1131 3572 pro·

119 3591 276 3660 videntem
307 3608 425 3671 vocat,
463 3595 492 3659 si
514 3617 550 3659 ea
578 3616 641 3660 non
665 3617 706 3658 ex
727 3593 846 3658 meritis
867 3593 1036 3676 provenit,
1075 3594 1130 3654 sed

118 3717 156 3760 cx
174 3709 248 3762 ante
267 3699 371 3780 posita
389 3698 599 3763 necessitate?
636 3699 800 3781 queomodo
828 3695 921 3759 etiam
939 3697 1138 3761 defendetur·

117 3801 285 3864 atlversum
304 3801 394 3866 Deos
421 3802 520 3886 pietas
543 3822 653 3865 eorum
679 3799 732 3882 qui
760 3799 805 3882 pii
827 3812 1013 3874 censentur,
1049 3797 1128 3860 siin

117 3901 191 3982 ipsis
225 3925 291 3967 nou
324 3905 383 3982 luit
417 3907 481 3968 boc
511 3927 576 3994 nou
609 3905 714 3968 l'accue
745 3915 819 3968 uuae
856 3923 926 3966 cum
960 3903 1099 3970 lacerent
1112 3896 1136 3958 ‘b
