2754 4510
271 318 331 380 212

271 478 385 579 ὅρους,
407 483 599 572 κοινωνοῦσι
614 487 683 562 τοῖς
704 477 941 575 πλησιοχώροις
963 477 1078 576 ἑορτήν
1098 508 1177 554 τινα
1200 480 1282 553 ταύ-
1362 501 1363 512 ³

269 615 329 671 την
350 585 558 676 ἡγουμένοις·
579 588 612 668 ἐξ
633 579 676 656 ὧν
698 583 993 676 συλλαμβάνουσαι
1010 583 1282 682 ὑποστρέφουσι,

270 698 326 761 καλ
357 688 544 779 ἀναγκαίως
572 693 605 760 έν
632 693 677 758 ἐν)
704 691 809 783 καιρῷ
836 685 1076 760 άποκυίοκουσι
1103 689 1194 759 κατά
1222 688 1284 760 τὸν

269 797 328 878 τῆς
350 788 479 888 φύσεως
499 790 618 882 νόμον,
642 791 799 872 καὶτοὺς
819 799 880 880 μέν
900 798 1116 880 γεννωμένους
1137 791 1284 887 άρῥενας

270 899 423 990 ῥίπτουσι
444 899 505 979 ¹⁹),
527 895 587 976 τάς
607 900 643 964 δέ
663 897 806 978 θηλείας
827 891 1070 990 ἀνατρέψουσι·
1099 899 1282 987 πολεμικοί

269 1005 309 1070 δέ
333 1003 397 1069 εἰσι
429 1002 486 1069 καλ
520 999 707 1088 γυμνασίων
738 997 990 1090 προνοούμεναι.
1038 996 1160 1093 Ἑρμῆς
1192 999 1281 1090 μετά

265 1099 469 1197 Ἀφροδίτης
490 1105 525 1171 ἐν
546 1099 648 1180 ὀίκοις
659 1097 781 1193 Ἑρμοῦ
801 1106 892 1170 ποιεῖ
907 1098 1057 1183 πλάστας
1077 1111 1134 1171 καὶ
1152 1098 1282 1196 ζωγρά-

268 1233 373 1302 φους,
403 1213 460 1275 καὶ
480 1206 689 1298 τραπεζίτας·
722 1206 755 1272 ἐν
776 1201 879 1284 ὂίκοις
900 1208 936 1272 δέ
953 1202 1158 1300 Ἀφροδίτης
1176 1232 1279 1298 μυρε-

268 1307 374 1406 ψοὺς,
396 1316 452 1399 καὶ
473 1304 669 1402 φωνάσκους
690 1312 746 1374 καί
766 1303 947 1400 ὑποκριτάς
966 1305 1170 1398 ποιημάτων.
1204 1311 1278 1378 Καὶ

268 1409 362 1505 παρὰ
387 1415 521 1490 Ταϊνοῖς
542 1407 591 1493 20)
613 1413 669 1477 καὶ
690 1411 906 1502 Σαρακηνοῖς
926 1409 972 1491 2¹)
997 1418 1053 1479 καλ
1074 1413 1109 1480 ἐν
1129 1411 1170 1508 τῇ
1192 1407 1278 1480 άνω-

269 1519 350 1608 τέρπ
369 1509 499 1608 Λιβύη,
520 1517 577 1581 καὶ
597 1509 691 1602 παρά
704 1508 877 1605 Μαύροις,
899 1517 956 1582 καὶ
976 1512 1069 1607 παρά
1090 1521 1162 1594 τοῖς
1184 1512 1280 1607 παρά

268 1615 308 1686 τὸ
330 1616 439 1707 στόμα
456 1614 617 1686 Ὠκεανοῦ
613 1612 792 1740 Νομάσι,
827 1622 884 1684 καλ
911 1618 945 1684 έν
972 1618 1012 1712 τῇ
1033 1617 1172 1746 ἕξωτέρρ
1194 1623 1278 1711 Γερ-

268 1723 388 1815 μανία,
409 1727 466 1790 καὶ
488 1721 521 1788 ἐν
541 1719 581 1816 τῇ
604 1714 752 1813 άνωτέρα
766 1721 969 1813 Σαρματίρι,
990 1725 1048 1788 καὶ
1069 1721 1103 1789 έν
1123 1746 1163 1815 τῃ
1147 1723 1278 1790 Σκυ·

267 1827 352 1918 θίρι,
389 1831 444 1894 καὶ
472 1826 506 1892 ἐν
528 1824 613 1891 πάσι
634 1828 705 1901 τοῖς
725 1824 759 1905 ἐξ
774 1819 954 1915 Αρκτικῶν
973 1824 1080 1952 μερῶν
1102 1849 1162 1892 του
1182 1821 1278 1892 Πόν-

269 1932 328 1997 τού
350 1929 480 2009 ἔθνεσι,
505 1932 572 1994 καὶ
593 1917 653 2018 ὅλῃ
675 1928 715 2019 τῇ
731 1921 944 2018 Αλαυία)
894 1925 930 1962 ²²
932 1930 1023 2006 )και
1039 1923 1207 2020 Αλβανία
1226 1927 1276 2012 ²³)

192 2033 215 2050 ''
266 2039 324 2100 καὶ
340 2028 463 2124 Ὠτηνῇ
483 2023 533 2112 ²4)
555 2033 609 2096 καὶ
630 1997 768 2120 Σαίινίᾳ
789 2027 837 2110 ²⁵)
859 2033 916 2095 καὶ
937 2032 970 2095 ἐν
994 2032 1112 2124 Χρυσῇ
1133 2025 1250 2113 26)
1213 2055 1275 2098 ουκ

268 2134 357 2202 ἔστιν
378 2137 474 2215 ἰδεῖν,
496 2128 534 2199 ού
557 2133 766 2224 τραπεζίτην,
788 2127 827 2198 ού
841 2127 1007 2214 πλάστην,
1030 2127 1069 2198 ού
1085 2128 1274 2228 ζῶγραφον,

268 2232 329 2305 οὐκ
356 2233 589 2327 ἀρχιτέκτονα,
626 2230 664 2312 ού
686 2237 885 2325 γεωμέτρην,
918 2230 957 2302 ού
987 2230 1180 2329 φῶνασιιον.
1216 2234 1276 2327 οὐχ

267 2335 446 2433 ὑποκριτῶν
474 2332 678 2426 ποιημάτων·
715 2332 785 2403 ἄλλ’
809 2338 980 2428 ἐστέρηται
1002 2333 1021 2404 ὁ
1044 2339 1102 2420 τῆς
1122 2341 1184 2407 τού
1201 2335 1276 2428 Ἑρ-

268 2446 334 2534 μοῦ
355 2449 410 2511 καλ
431 2444 490 2524 τῆς
506 2437 710 2535 Ἀφροδίτης
731 2440 892 2530 ἐνεργείας
920 2436 1053 2531 τρόπος,
1069 2445 1103 2510 ἐν
1130 2435 1196 2534 ὅλῳ
1229 2444 1276 2537 τῶ

269 2544 376 2642 κύκλῳ
401 2541 507 2638 τούτῳ
535 2546 593 2628 τῆς
620 2540 820 2632 οἰκουμένης.
866 2542 905 2610 οί
925 2545 1041 2625 Μῆδοι
1062 2539 1180 2624 πάντες
1202 2554 1275 2626 τοῖς

265 2648 516 2758 μετάσπουδῇς
537 2651 750 2741 τρεφομένοις
777 2649 852 2714 κυσὶ
879 2642 957 2725 τούς
984 2645 1117 2767 νεκρρύς
1144 2647 1192 2716 ἔτι
1218 2651 1274 2738 έμ-

264 2759 424 2832 πνέοντας
421 2747 717 2840 παραβάλλουσι·
753 2754 810 2816 και
831 2743 870 2816 ού
890 2744 1010 2829 πάντες
1031 2747 1091 2819 σύν
1112 2753 1151 2847 τῇ
1173 2747 1273 2848 Μηνη

266 2852 326 2924 τὸν
348 2851 496 2946 Ἀρέα
479 2855 676 2974 εφημερινῆς
703 2856 854 2940 γενέσεως
871 2854 915 2920 ἓν
942 2851 1145 2946 Καρκίνῳ
1127 2851 1192 2922 υπὸ
1213 2855 1274 2978 γίρν

265 2959 405 3049 ἔχουσιν.
422 2953 525 3025 Ινδοὶ
547 2955 623 3035 τούς
644 2954 776 3079 νεκρούς
797 2957 948 3038 καίουσι,
968 2953 1047 3046 μεθ
1072 2947 1116 3028 ὧν
1138 2959 1271 3045 συγκαί-

265 3085 343 3132 ουσι
364 3055 502 3138 ἑκούσας
523 3056 583 3138 τάς
604 3065 779 3146 γυναῖκας·
816 3065 871 3126 καὶ
900 3055 939 3127 ού
968 3055 1074 3142 δήπου
1102 3062 1210 3130 πᾶσαι
1237 3065 1272 3130 αἱ

265 3162 440 3255 καιόμεναι
460 3164 562 3246 ζῶσαι
578 3158 693 3230 Ἰνδῶν
714 3166 864 3249 γυναῖκες
886 3162 1015 3250 ἔχουσιν
1039 3158 1103 3230 ὑπὸ
1132 3166 1194 3250 γῆν
1222 3167 1270 3234 ἐπὶ

248 3271 453 3362 ,νυκτερινῆς
479 3269 630 3354 γενέσεως
657 3261 717 3332 σύν
729 3261 826 3392 ’Ἄρει
854 3262 911 3332 τὸν
924 3257 1095 3333 “'ffltov
1079 3291 1113 3334 εν
1133 3271 1270 3350 Λέοντι,

265 3370 371 3466 ὁρίοις
389 3370 520 3464 Ἄρεος.
561 3369 737 3460 Γερμανῶν
758 3371 791 3435 οἱ
810 3364 1006 3436 πλείστου
986 3371 1188 3488 αγχονιμαίω
1209 3396 1270 3457 μο-

265 3502 313 3570 ρῳ
336 3470 592 3558 ἀποθνησκονσι
618 3469 668 3554 27)
697 3475 753 3538 καὶ
774 3465 813 3538 ού
834 3465 964 3551 πάντως
986 3469 1024 3538 τὸ
1045 3474 1181 3554 πλῆθος
1209 3475 1273 3540 τῶν

265 3579 442 3699 Γερμανῶν
468 3603 527 3660 την
547 3570 700 3658 Σελήνην
727 3580 783 3642 καὶ
810 3570 869 3656 τὴν
895 3567 983 3667 ῶραν
1003 3577 1271 3662 μεσολαβομένας

266 3677 332 3749 ὑπὸ
353 3676 488 3771 Κρόνου
515 3686 572 3748 και
585 3675 753 3772 Αρεος”
734 3704 807 3766 εχει.
849 3682 960 3746 Πανιι
988 3676 1082 3746 ἔθνει
1104 3683 1161 3746 καὶ
1181 3674 1270 3772 πάσῃ

265 3779 374 3876 ἡμέρᾳ
394 3788 450 3850 καὶ
470 3788 569 3848 παντὶ
589 3777 681 3871 τόπῳ
702 3782 762 3862 τῶς
782 3784 933 3866 γενέσεως
955 3783 1004 3860 ²⁸)
1026 3782 1202 3866 γεννῶνται
1216 3749 1270 3849 ἄτλ-

266 3891 419 3978 θρωποι·
456 3889 572 3975 κρατεῖ
589 3888 625 3951 δὲ
652 3887 687 3950 έν
715 3879 834 3978 ἑκάστῃ
865 3885 968 3974 μοίρᾳ
997 3885 1060 3950 τῶν
1082 3878 1271 3974 άνδρῶπνν
