<?xml version="1.0" encoding="UTF-8"?>
<!DOCTYPE html PUBLIC "-//W3C//DTD XHTML 1.0 Transitional//EN"
    "http://www.w3.org/TR/xhtml1/DTD/xhtml1-transitional.dtd">
<html xmlns="http://www.w3.org/1999/xhtml" xml:lang="en" lang="en">
 <head>
  <title>
</title>
<meta http-equiv="Content-Type" content="text/html;charset=utf-8" />
  <meta name='ocr-system' content='tesseract 3.04.00' />
  <meta name='ocr-capabilities' content='ocr_page ocr_carea ocr_par ocr_line ocrx_word'/>
</head>
<body>
  <div class='ocr_page' id='page_1' title='image "./alexandriaprodi00alexgoog_0186.png"; bbox 0 0 2790 4512; ppageno 0'>
   <div class='ocr_carea' id='block_1_1' title="bbox 1082 281 1213 382">
    <p class='ocr_par' dir='ltr' id='par_1_1' title="bbox 1082 281 1213 382">
     <span class='ocr_line' id='line_1_1' title="bbox 1082 281 1213 382; baseline 0 -1"><span class='ocrx_word' id='word_1_1' title='bbox 1082 301 1141 382; x_wconf 74' lang='lat' dir='ltr'><strong>tul</strong></span> <span class='ocrx_word' id='word_1_2' title='bbox 1209 281 1213 288; x_wconf 71' lang='grc'>’</span> 
     </span>
    </p>
   </div>
   <div class='ocr_carea' id='block_1_2' title="bbox 126 473 1177 2129">
    <p class='ocr_par' dir='ltr' id='par_1_2' title="bbox 126 473 1177 2129">
     <span class='ocr_line' id='line_1_2' title="bbox 126 473 1177 581; baseline -0.016 -12"><span class='ocrx_word' id='word_1_3' title='bbox 126 473 222 571; x_wconf 66' lang='lat' dir='ltr'><strong>iul</strong></span> <span class='ocrx_word' id='word_1_4' title='bbox 243 485 373 572; x_wconf 69' lang='lat' dir='ltr'><strong>ndum</strong></span> <span class='ocrx_word' id='word_1_5' title='bbox 403 491 624 581; x_wconf 51' lang='lat' dir='ltr'><strong>uaesana,</strong></span> <span class='ocrx_word' id='word_1_6' title='bbox 661 491 727 558; x_wconf 76' lang='lat' dir='ltr'><strong>ma</strong></span> <span class='ocrx_word' id='word_1_7' title='bbox 754 493 860 576; x_wconf 67' lang='lat' dir='ltr'><strong>posu</strong></span> <span class='ocrx_word' id='word_1_8' title='bbox 886 487 1132 579; x_wconf 78' lang='lat' dir='ltr'><strong>incogitantiae,</strong></span> <span class='ocrx_word' id='word_1_9' title='bbox 1176 501 1177 506; x_wconf 12' lang='grc' dir='ltr'><strong><em>Ν</em></strong></span> 
     </span>
     <span class='ocr_line' id='line_1_3' title="bbox 129 594 1129 688; baseline -0.015 -17"><span class='ocrx_word' id='word_1_10' title='bbox 129 618 168 672; x_wconf 82' lang='lat' dir='ltr'><strong>ac</strong></span> <span class='ocrx_word' id='word_1_11' title='bbox 188 603 216 670; x_wconf 84' lang='lat' dir='ltr'><strong>si</strong></span> <span class='ocrx_word' id='word_1_12' title='bbox 238 599 455 688; x_wconf 86' lang='lat' dir='ltr'><strong>cognitionem</strong></span> <span class='ocrx_word' id='word_1_13' title='bbox 476 617 555 681; x_wconf 84' lang='lat' dir='ltr'><strong>quae</strong></span> <span class='ocrx_word' id='word_1_14' title='bbox 575 607 775 680; x_wconf 86' lang='lat' dir='ltr'><strong>penes·muta</strong></span> <span class='ocrx_word' id='word_1_15' title='bbox 789 609 837 661; x_wconf 88' lang='lat' dir='ltr'><strong>est</strong></span> <span class='ocrx_word' id='word_1_16' title='bbox 851 594 1033 672; x_wconf 79' lang='lat' dir='ltr'><strong>animantia,</strong></span> <span class='ocrx_word' id='word_1_17' title='bbox 1058 615 1129 656; x_wconf 88' lang='lat' dir='ltr'><strong>cum</strong></span> 
     </span>
     <span class='ocr_line' id='line_1_4' title="bbox 128 698 1132 788; baseline -0.017 -14"><span class='ocrx_word' id='word_1_18' title='bbox 128 721 241 774; x_wconf 86' lang='lat' dir='ltr'><strong>nostra</strong></span> <span class='ocrx_word' id='word_1_19' title='bbox 269 702 508 788; x_wconf 67' lang='lat' dir='ltr'>aequiparemus</span> <span class='ocrx_word' id='word_1_20' title='bbox 540 709 633 784; x_wconf 85' lang='lat' dir='ltr'><strong>atque</strong></span> <span class='ocrx_word' id='word_1_21' title='bbox 656 698 721 762; x_wconf 70' lang='lat' dir='ltr'><strong>‘illis</strong></span> <span class='ocrx_word' id='word_1_22' title='bbox 751 699 844 764; x_wconf 88' lang='lat' dir='ltr'><strong>etiam</strong></span> <span class='ocrx_word' id='word_1_23' title='bbox 864 699 1036 764; x_wconf 83' lang='lat' dir='ltr'><strong>tribuamus</strong></span> <span class='ocrx_word' id='word_1_24' title='bbox 1057 713 1132 779; x_wconf 58' lang='lat' dir='ltr'><strong>pera</strong></span> 
     </span>
     <span class='ocr_line' id='line_1_5' title="bbox 128 801 1126 894; baseline -0.01 -19"><span class='ocrx_word' id='word_1_25' title='bbox 128 810 309 894; x_wconf 80' lang='lat' dir='ltr'><strong>ceptionem</strong></span> <span class='ocrx_word' id='word_1_26' title='bbox 338 823 445 870; x_wconf 89' lang='lat' dir='ltr'><strong>rerum</strong></span> <span class='ocrx_word' id='word_1_27' title='bbox 476 801 699 870; x_wconf 87' lang='lat' dir='ltr'><strong>universalium</strong></span> <span class='ocrx_word' id='word_1_28' title='bbox 728 813 759 868; x_wconf 87' lang='lat' dir='ltr'><strong>et</strong></span> <span class='ocrx_word' id='word_1_29' title='bbox 787 803 958 866; x_wconf 89' lang='lat' dir='ltr'><strong>intellectui</strong></span> <span class='ocrx_word' id='word_1_30' title='bbox 987 802 1049 866; x_wconf 90' lang='lat' dir='ltr'><strong>soli</strong></span> <span class='ocrx_word' id='word_1_31' title='bbox 1069 823 1126 885; x_wconf 92' lang='lat' dir='ltr'><strong>pa·</strong></span> 
     </span>
     <span class='ocr_line' id='line_1_6' title="bbox 126 907 1128 992; baseline -0.012 -12"><span class='ocrx_word' id='word_1_32' title='bbox 126 913 272 980; x_wconf 70' lang='lat' dir='ltr'><strong>undum.</strong></span> <span class='ocrx_word' id='word_1_33' title='bbox 316 910 369 976; x_wconf 86' lang='lat' dir='ltr'><strong>Ac</strong></span> <span class='ocrx_word' id='word_1_34' title='bbox 388 909 482 992; x_wconf 87' lang='lat' dir='ltr'><strong>plane</strong></span> <span class='ocrx_word' id='word_1_35' title='bbox 503 907 530 971; x_wconf 94' lang='lat' dir='ltr'><strong>si</strong></span> <span class='ocrx_word' id='word_1_36' title='bbox 549 907 759 970; x_wconf 89' lang='lat' dir='ltr'><strong>necessarium</strong></span> <span class='ocrx_word' id='word_1_37' title='bbox 773 917 820 970; x_wconf 89' lang='lat' dir='ltr'><strong>est</strong></span> <span class='ocrx_word' id='word_1_38' title='bbox 835 907 923 982; x_wconf 84' lang='lat' dir='ltr'><strong>Deos</strong></span> <span class='ocrx_word' id='word_1_39' title='bbox 940 911 1030 992; x_wconf 86' lang='lat' dir='ltr'><strong>esse,</strong></span> <span class='ocrx_word' id='word_1_40' title='bbox 1059 927 1128 969; x_wconf 87' lang='lat' dir='ltr'><strong>em-</strong></span> 
     </span>
     <span class='ocr_line' id='line_1_7' title="bbox 128 1009 1129 1102; baseline -0.009 -20"><span class='ocrx_word' id='word_1_41' title='bbox 128 1016 215 1082; x_wconf 86' lang='lat' dir='ltr'><strong>nium</strong></span> <span class='ocrx_word' id='word_1_42' title='bbox 232 1025 398 1102; x_wconf 83' lang='lat' dir='ltr'><strong>quaesunt</strong></span> <span class='ocrx_word' id='word_1_43' title='bbox 412 1014 520 1075; x_wconf 76' lang='lat' dir='ltr'><strong>caunas</strong></span> <span class='ocrx_word' id='word_1_44' title='bbox 536 1010 643 1074; x_wconf 87' lang='lat' dir='ltr'><strong>unicas</strong></span> <span class='ocrx_word' id='word_1_45' title='bbox 657 1009 709 1074; x_wconf 83' lang='lat' dir='ltr'><strong>vel</strong></span> <span class='ocrx_word' id='word_1_46' title='bbox 719 1009 802 1074; x_wconf 88' lang='lat' dir='ltr'><strong>iuter</strong></span> <span class='ocrx_word' id='word_1_47' title='bbox 816 1013 943 1088; x_wconf 85' lang='lat' dir='ltr'><strong>c’ausas,</strong></span> <span class='ocrx_word' id='word_1_48' title='bbox 967 1011 1129 1093; x_wconf 72' lang='lat' dir='ltr'><strong>quomodo</strong></span> 
     </span>
     <span class='ocr_line' id='line_1_8' title="bbox 128 1113 1130 1202; baseline -0.009 -18"><span class='ocrx_word' id='word_1_49' title='bbox 128 1119 249 1184; x_wconf 80' lang='lat' dir='ltr'><strong>rationi</strong></span> <span class='ocrx_word' id='word_1_50' title='bbox 284 1115 345 1202; x_wconf 83' lang='lat' dir='ltr'><strong>erit</strong></span> <span class='ocrx_word' id='word_1_51' title='bbox 376 1125 644 1190; x_wconf 80' lang='lat' dir='ltr'><strong>cousentaneum,</strong></span> <span class='ocrx_word' id='word_1_52' title='bbox 692 1117 746 1177; x_wconf 84' lang='lat' dir='ltr'><strong>aut</strong></span> <span class='ocrx_word' id='word_1_53' title='bbox 776 1113 929 1200; x_wconf 76' lang='lat' dir='ltr'><strong>ignorare</strong></span> <span class='ocrx_word' id='word_1_54' title='bbox 966 1133 1021 1180; x_wconf 90' lang='lat' dir='ltr'><strong>eos</strong></span> <span class='ocrx_word' id='word_1_55' title='bbox 1053 1133 1130 1177; x_wconf 91' lang='lat' dir='ltr'><strong>suos</strong></span> 
     </span>
     <span class='ocr_line' id='line_1_9' title="bbox 127 1214 1153 1301; baseline -0.012 -11"><span class='ocrx_word' id='word_1_56' title='bbox 127 1224 258 1300; x_wconf 73' lang='lat' dir='ltr'><strong>loetum,</strong></span> <span class='ocrx_word' id='word_1_57' title='bbox 292 1231 346 1294; x_wconf 88' lang='lat' dir='ltr'><strong>aut</strong></span> <span class='ocrx_word' id='word_1_58' title='bbox 366 1241 498 1285; x_wconf 89' lang='lat' dir='ltr'><strong>suorum</strong></span> <span class='ocrx_word' id='word_1_59' title='bbox 520 1219 664 1284; x_wconf 76' lang='lat' dir='ltr'><strong>foetuum</strong></span> <span class='ocrx_word' id='word_1_60' title='bbox 688 1230 805 1301; x_wconf 86' lang='lat' dir='ltr'><strong>opera,</strong></span> <span class='ocrx_word' id='word_1_61' title='bbox 843 1229 897 1281; x_wconf 89' lang='lat' dir='ltr'><strong>aut</strong></span> <span class='ocrx_word' id='word_1_62' title='bbox 918 1231 998 1300; x_wconf 89' lang='lat' dir='ltr'><strong>quae</strong></span> <span class='ocrx_word' id='word_1_63' title='bbox 1019 1218 1058 1280; x_wconf 87' lang='lat' dir='ltr'><strong>ab</strong></span> <span class='ocrx_word' id='word_1_64' title='bbox 1086 1214 1153 1292; x_wconf 47' lang='lat' dir='ltr'><strong>eis,</strong></span> 
     </span>
     <span class='ocr_line' id='line_1_10' title="bbox 127 1321 1160 1412; baseline -0.012 -20"><span class='ocrx_word' id='word_1_65' title='bbox 127 1325 247 1412; x_wconf 71' lang='lat' dir='ltr'><strong>quovis</strong></span> <span class='ocrx_word' id='word_1_66' title='bbox 269 1327 365 1389; x_wconf 90' lang='lat' dir='ltr'><strong>modo</strong></span> <span class='ocrx_word' id='word_1_67' title='bbox 387 1323 579 1399; x_wconf 88' lang='lat' dir='ltr'><strong>efficiuntur,</strong></span> <span class='ocrx_word' id='word_1_68' title='bbox 604 1334 657 1386; x_wconf 91' lang='lat' dir='ltr'><strong>aut</strong></span> <span class='ocrx_word' id='word_1_69' title='bbox 677 1323 715 1386; x_wconf 86' lang='lat' dir='ltr'><strong>de</strong></span> <span class='ocrx_word' id='word_1_70' title='bbox 735 1321 773 1385; x_wconf 89' lang='lat' dir='ltr'><strong>iis</strong></span> <span class='ocrx_word' id='word_1_71' title='bbox 791 1323 939 1405; x_wconf 78' lang='lat' dir='ltr'><strong>tanquam</strong></span> <span class='ocrx_word' id='word_1_72' title='bbox 957 1322 996 1384; x_wconf 78' lang='lat' dir='ltr'><strong>aid</strong></span> <span class='ocrx_word' id='word_1_73' title='bbox 1012 1327 1046 1383; x_wconf 88' lang='lat' dir='ltr'><strong>ae</strong></span> <span class='ocrx_word' id='word_1_74' title='bbox 1064 1327 1128 1383; x_wconf 84' lang='lat' dir='ltr'><strong>uon</strong></span> <span class='ocrx_word' id='word_1_75' title='bbox 1156 1345 1160 1352; x_wconf 93' lang='lat'>·</span> 
     </span>
     <span class='ocr_line' id='line_1_11' title="bbox 127 1422 1137 1514; baseline -0.009 -20"><span class='ocrx_word' id='word_1_76' title='bbox 127 1427 382 1514; x_wconf 80' lang='lat' dir='ltr'><strong>pertinentibus,</strong></span> <span class='ocrx_word' id='word_1_77' title='bbox 420 1447 521 1510; x_wconf 90' lang='lat' dir='ltr'><strong>neque</strong></span> <span class='ocrx_word' id='word_1_78' title='bbox 541 1425 574 1489; x_wconf 87' lang='lat' dir='ltr'><strong>iu</strong></span> <span class='ocrx_word' id='word_1_79' title='bbox 593 1425 737 1510; x_wconf 80' lang='lat' dir='ltr'><strong>ipserum</strong></span> <span class='ocrx_word' id='word_1_80' title='bbox 760 1425 918 1508; x_wconf 89' lang='lat' dir='ltr'><strong>pote&#39;state</strong></span> <span class='ocrx_word' id='word_1_81' title='bbox 937 1422 1049 1507; x_wconf 85' lang='lat' dir='ltr'><strong>positis</strong></span> <span class='ocrx_word' id='word_1_82' title='bbox 1072 1425 1137 1486; x_wconf 61' lang='lat' dir='ltr'><strong>dua·</strong></span> 
     </span>
     <span class='ocr_line' id='line_1_12' title="bbox 127 1527 1130 1614; baseline -0.008 -18"><span class='ocrx_word' id='word_1_83' title='bbox 127 1533 214 1598; x_wconf 87' lang='lat' dir='ltr'><strong>biam</strong></span> <span class='ocrx_word' id='word_1_84' title='bbox 234 1532 352 1594; x_wconf 88' lang='lat' dir='ltr'><strong>habere</strong></span> <span class='ocrx_word' id='word_1_85' title='bbox 370 1529 602 1614; x_wconf 81' lang='lat' dir='ltr'><strong>cognitionem,</strong></span> <span class='ocrx_word' id='word_1_86' title='bbox 634 1531 723 1605; x_wconf 81' lang='lat' dir='ltr'><strong>cum,</strong></span> <span class='ocrx_word' id='word_1_87' title='bbox 752 1527 906 1593; x_wconf 69' lang='lat' dir='ltr'><strong>utrumuis</strong></span> <span class='ocrx_word' id='word_1_88' title='bbox 930 1529 1045 1590; x_wconf 90' lang='lat' dir='ltr'><strong>horum</strong></span> <span class='ocrx_word' id='word_1_89' title='bbox 1067 1547 1130 1609; x_wconf 88' lang='lat' dir='ltr'><strong>po·</strong></span> 
     </span>
     <span class='ocr_line' id='line_1_13' title="bbox 130 1629 1130 1717; baseline -0.007 -18"><span class='ocrx_word' id='word_1_90' title='bbox 130 1654 203 1712; x_wconf 86' lang='lat' dir='ltr'><strong>nas,</strong></span> <span class='ocrx_word' id='word_1_91' title='bbox 237 1629 313 1696; x_wconf 85' lang='lat' dir='ltr'><strong>fleri</strong></span> <span class='ocrx_word' id='word_1_92' title='bbox 336 1643 470 1717; x_wconf 84' lang='lat' dir='ltr'><strong>nequeat</strong></span> <span class='ocrx_word' id='word_1_93' title='bbox 499 1637 614 1696; x_wconf 82' lang='lat' dir='ltr'><strong>utres</strong></span> <span class='ocrx_word' id='word_1_94' title='bbox 643 1645 769 1696; x_wconf 85' lang='lat' dir='ltr'><strong>nostras</strong></span> <span class='ocrx_word' id='word_1_95' title='bbox 802 1642 913 1696; x_wconf 89' lang='lat' dir='ltr'><strong>curent</strong></span> <span class='ocrx_word' id='word_1_96' title='bbox 933 1630 988 1694; x_wconf 89' lang='lat' dir='ltr'><strong>Dii</strong></span> <span class='ocrx_word' id='word_1_97' title='bbox 1013 1652 1052 1695; x_wconf 94' lang='lat' dir='ltr'><strong>eo</strong></span> <span class='ocrx_word' id='word_1_98' title='bbox 1075 1651 1130 1693; x_wconf 86' lang='lat' dir='ltr'><strong>cu·</strong></span> 
     </span>
     <span class='ocr_line' id='line_1_14' title="bbox 130 1732 1132 1820; baseline -0.006 -18"><span class='ocrx_word' id='word_1_99' title='bbox 130 1737 222 1802; x_wconf 85' lang='lat' dir='ltr'><strong>randi</strong></span> <span class='ocrx_word' id='word_1_100' title='bbox 236 1737 353 1813; x_wconf 90' lang='lat' dir='ltr'><strong>modo,</strong></span> <span class='ocrx_word' id='word_1_101' title='bbox 376 1733 432 1820; x_wconf 75' lang='lat' dir='ltr'><strong>qui</strong></span> <span class='ocrx_word' id='word_1_102' title='bbox 450 1735 595 1819; x_wconf 88' lang='lat' dir='ltr'><strong>ipsorum</strong></span> <span class='ocrx_word' id='word_1_103' title='bbox 614 1733 832 1818; x_wconf 81' lang='lat' dir='ltr'><strong>providentiae</strong></span> <span class='ocrx_word' id='word_1_104' title='bbox 854 1732 1045 1798; x_wconf 86' lang='lat' dir='ltr'><strong>conveniat?</strong></span> <span class='ocrx_word' id='word_1_105' title='bbox 1067 1732 1132 1814; x_wconf 81' lang='lat' dir='ltr'><strong>Qui</strong></span> 
     </span>
     <span class='ocr_line' id='line_1_15' title="bbox 131 1837 1132 1922; baseline -0.009 -16"><span class='ocrx_word' id='word_1_106' title='bbox 131 1843 247 1906; x_wconf 78' lang='lat' dir='ltr'><strong>nodus</strong></span> <span class='ocrx_word' id='word_1_107' title='bbox 270 1838 297 1903; x_wconf 90' lang='lat' dir='ltr'><strong>is</strong></span> <span class='ocrx_word' id='word_1_108' title='bbox 318 1850 390 1916; x_wconf 85' lang='lat' dir='ltr'><strong>est,¹</strong></span> <span class='ocrx_word' id='word_1_109' title='bbox 412 1850 447 1904; x_wconf 88' lang='lat' dir='ltr'><strong>ut</strong></span> <span class='ocrx_word' id='word_1_110' title='bbox 464 1849 507 1902; x_wconf 84' lang='lat' dir='ltr'><strong>ex</strong></span> <span class='ocrx_word' id='word_1_111' title='bbox 523 1838 593 1922; x_wconf 87' lang='lat' dir='ltr'><strong>ipsa</strong></span> <span class='ocrx_word' id='word_1_112' title='bbox 613 1837 725 1901; x_wconf 75' lang='lat' dir='ltr'><strong>natura</strong></span> <span class='ocrx_word' id='word_1_113' title='bbox 742 1840 854 1902; x_wconf 76' lang='lat' dir='ltr'><strong>eorum</strong></span> <span class='ocrx_word' id='word_1_114' title='bbox 879 1839 958 1921; x_wconf 77' lang='lat' dir='ltr'><strong>quae</strong></span> <span class='ocrx_word' id='word_1_115' title='bbox 982 1847 1132 1899; x_wconf 81' lang='lat' dir='ltr'><strong>curantur</strong></span> 
     </span>
     <span class='ocr_line' id='line_1_16' title="bbox 132 1939 1133 2027; baseline -0.008 -19"><span class='ocrx_word' id='word_1_116' title='bbox 132 1953 241 2008; x_wconf 83' lang='lat' dir='ltr'><strong>curam</strong></span> <span class='ocrx_word' id='word_1_117' title='bbox 254 1953 382 2027; x_wconf 77' lang='lat' dir='ltr'><strong>gerant,</strong></span> <span class='ocrx_word' id='word_1_118' title='bbox 406 1954 439 2006; x_wconf 90' lang='lat' dir='ltr'><strong>et</strong></span> <span class='ocrx_word' id='word_1_119' title='bbox 447 1941 535 2005; x_wconf 86' lang='lat' dir='ltr'><strong>velut</strong></span> <span class='ocrx_word' id='word_1_120' title='bbox 545 1963 586 2005; x_wconf 86' lang='lat' dir='ltr'><strong>ex</strong></span> <span class='ocrx_word' id='word_1_121' title='bbox 596 1945 703 2024; x_wconf 84' lang='lat' dir='ltr'><strong>puppe</strong></span> <span class='ocrx_word' id='word_1_122' title='bbox 711 1943 905 2025; x_wconf 78' lang='lat' dir='ltr'><strong>gubernent,</strong></span> <span class='ocrx_word' id='word_1_123' title='bbox 928 1955 993 2004; x_wconf 89' lang='lat' dir='ltr'><strong>uon</strong></span> <span class='ocrx_word' id='word_1_124' title='bbox 1007 1939 1133 2002; x_wconf 65' lang='lat' dir='ltr'><strong>consur</strong></span> 
     </span>
     <span class='ocr_line' id='line_1_17' title="bbox 131 2041 1136 2129; baseline -0.006 -19"><span class='ocrx_word' id='word_1_125' title='bbox 131 2043 248 2124; x_wconf 74' lang='lat' dir='ltr'><strong>tando,</strong></span> <span class='ocrx_word' id='word_1_126' title='bbox 273 2044 354 2107; x_wconf 87' lang='lat' dir='ltr'><strong>sicut</strong></span> <span class='ocrx_word' id='word_1_127' title='bbox 374 2046 413 2107; x_wconf 87' lang='lat' dir='ltr'><strong>de</strong></span> <span class='ocrx_word' id='word_1_128' title='bbox 430 2045 474 2108; x_wconf 81' lang='lat' dir='ltr'><strong>e&#39;is</strong></span> <span class='ocrx_word' id='word_1_129' title='bbox 494 2044 668 2129; x_wconf 84' lang='lat' dir='ltr'><strong>loquuntur</strong></span> <span class='ocrx_word' id='word_1_130' title='bbox 688 2045 804 2126; x_wconf 82' lang='lat' dir='ltr'><strong>po&#39;e‘tae</strong></span> <span class='ocrx_word' id='word_1_131' title='bbox 826 2042 1027 2123; x_wconf 86' lang='lat' dir='ltr'><strong>(consultatio</strong></span> <span class='ocrx_word' id='word_1_132' title='bbox 1054 2041 1136 2105; x_wconf 89' lang='lat' dir='ltr'><strong>enim</strong></span> 
     </span>
    </p>
   </div>
   <div class='ocr_carea' id='block_1_3' title="bbox 134 2145 1245 2233">
    <p class='ocr_par' dir='ltr' id='par_1_3' title="bbox 134 2145 1245 2233">
     <span class='ocr_line' id='line_1_18' title="bbox 134 2145 1245 2233; baseline -0.005 -20"><span class='ocrx_word' id='word_1_133' title='bbox 134 2145 306 2233; x_wconf 84' lang='lat' dir='ltr'><strong>indigentia</strong></span> <span class='ocrx_word' id='word_1_134' title='bbox 325 2160 373 2211; x_wconf 88' lang='lat' dir='ltr'><strong>est</strong></span> <span class='ocrx_word' id='word_1_135' title='bbox 393 2148 614 2230; x_wconf 79' lang='lat' dir='ltr'><strong>prudentiae),</strong></span> <span class='ocrx_word' id='word_1_136' title='bbox 652 2167 712 2210; x_wconf 91' lang='lat' dir='ltr'><strong>nec</strong></span> <span class='ocrx_word' id='word_1_137' title='bbox 736 2145 824 2232; x_wconf 86' lang='lat' dir='ltr'><strong>quod</strong></span> <span class='ocrx_word' id='word_1_138' title='bbox 844 2148 918 2211; x_wconf 75' lang='lat' dir='ltr'><strong>alias</strong></span> <span class='ocrx_word' id='word_1_139' title='bbox 943 2147 1133 2211; x_wconf 66' lang='lat' dir='ltr'><strong>aliatenus</strong></span> <span class='ocrx_word' id='word_1_140' title='bbox 1239 2194 1245 2207; x_wconf 91' lang='lat'><em>.</em></span> 
     </span>
    </p>
   </div>
   <div class='ocr_carea' id='block_1_4' title="bbox 136 2247 1220 3981">
    <p class='ocr_par' dir='ltr' id='par_1_4' title="bbox 136 2247 1220 3981">
     <span class='ocr_line' id='line_1_19' title="bbox 136 2247 1134 2332; baseline -0.004 -16"><span class='ocrx_word' id='word_1_141' title='bbox 136 2263 211 2316; x_wconf 89' lang='lat' dir='ltr'><strong>nant</strong></span> <span class='ocrx_word' id='word_1_142' title='bbox 229 2270 267 2313; x_wconf 91' lang='lat' dir='ltr'><strong>ac</strong></span> <span class='ocrx_word' id='word_1_143' title='bbox 285 2247 419 2326; x_wconf 82' lang='lat' dir='ltr'><strong>lac&#39;iant3</strong></span> <span class='ocrx_word' id='word_1_144' title='bbox 447 2249 480 2312; x_wconf 93' lang='lat' dir='ltr'><strong>id</strong></span> <span class='ocrx_word' id='word_1_145' title='bbox 505 2249 586 2314; x_wconf 91' lang='lat' dir='ltr'><strong>enim</strong></span> <span class='ocrx_word' id='word_1_146' title='bbox 608 2249 835 2315; x_wconf 78' lang='lat' dir='ltr'><strong>dissentaneum</strong></span> <span class='ocrx_word' id='word_1_147' title='bbox 857 2263 905 2314; x_wconf 90' lang='lat' dir='ltr'><strong>est</strong></span> <span class='ocrx_word' id='word_1_148' title='bbox 932 2253 972 2313; x_wconf 88' lang='lat' dir='ltr'><strong>ab</strong></span> <span class='ocrx_word' id='word_1_149' title='bbox 991 2249 1134 2332; x_wconf 87' lang='lat' dir='ltr'><strong>ipsorum</strong></span> 
     </span>
     <span class='ocr_line' id='line_1_20' title="bbox 136 2347 1136 2437; baseline -0.004 -17"><span class='ocrx_word' id='word_1_150' title='bbox 136 2352 324 2437; x_wconf 86' lang='lat' dir='ltr'><strong>operatione</strong></span> <span class='ocrx_word' id='word_1_151' title='bbox 353 2369 417 2416; x_wconf 85' lang='lat' dir='ltr'><strong>una</strong></span> <span class='ocrx_word' id='word_1_152' title='bbox 441 2361 566 2435; x_wconf 78' lang='lat' dir='ltr'><strong>semper</strong></span> <span class='ocrx_word' id='word_1_153' title='bbox 590 2365 621 2415; x_wconf 83' lang='lat' dir='ltr'><strong>et</strong></span> <span class='ocrx_word' id='word_1_154' title='bbox 646 2352 778 2435; x_wconf 83' lang='lat' dir='ltr'><strong>simplici</strong></span> <span class='ocrx_word' id='word_1_155' title='bbox 804 2359 835 2415; x_wconf 85' lang='lat' dir='ltr'><strong>et</strong></span> <span class='ocrx_word' id='word_1_156' title='bbox 860 2352 1065 2429; x_wconf 86' lang='lat' dir='ltr'><strong>immutabili,</strong></span> <span class='ocrx_word' id='word_1_157' title='bbox 1104 2347 1136 2416; x_wconf 83' lang='lat' dir='ltr'><strong>et</strong></span> 
     </span>
     <span class='ocr_line' id='line_1_21' title="bbox 137 2445 1138 2540; baseline -0.005 -19"><span class='ocrx_word' id='word_1_158' title='bbox 137 2456 214 2522; x_wconf 85' lang='lat' dir='ltr'><strong>&#39;solis</strong></span> <span class='ocrx_word' id='word_1_159' title='bbox 240 2455 277 2520; x_wconf 89' lang='lat' dir='ltr'><strong>iis</strong></span> <span class='ocrx_word' id='word_1_160' title='bbox 299 2449 464 2533; x_wconf 75' lang='lat' dir='ltr'><strong>convenit,</strong></span> <span class='ocrx_word' id='word_1_161' title='bbox 489 2477 568 2540; x_wconf 89' lang='lat' dir='ltr'><strong>quae</strong></span> <span class='ocrx_word' id='word_1_162' title='bbox 588 2457 709 2538; x_wconf 86' lang='lat' dir='ltr'><strong>tempus</strong></span> <span class='ocrx_word' id='word_1_163' title='bbox 732 2445 906 2534; x_wconf 83' lang='lat' dir='ltr'><strong>dimetitur,</strong></span> <span class='ocrx_word' id='word_1_164' title='bbox 932 2461 1074 2538; x_wconf 80' lang='lat' dir='ltr'><strong>quaeque</strong></span> <span class='ocrx_word' id='word_1_165' title='bbox 1096 2475 1138 2516; x_wconf 84' lang='lat' dir='ltr'><strong>cx</strong></span> 
     </span>
     <span class='ocr_line' id='line_1_22' title="bbox 140 2557 1139 2644; baseline -0.005 -19"><span class='ocrx_word' id='word_1_166' title='bbox 140 2561 256 2626; x_wconf 82' lang='lat' dir='ltr'><strong>&#39;dilectu</strong></span> <span class='ocrx_word' id='word_1_167' title='bbox 280 2579 353 2622; x_wconf 88' lang='lat' dir='ltr'><strong>suas</strong></span> <span class='ocrx_word' id='word_1_168' title='bbox 376 2559 577 2644; x_wconf 85' lang='lat' dir='ltr'><strong>operationes</strong></span> <span class='ocrx_word' id='word_1_169' title='bbox 602 2561 715 2636; x_wconf 83' lang='lat' dir='ltr'><strong>edunt,</strong></span> <span class='ocrx_word' id='word_1_170' title='bbox 754 2561 811 2622; x_wconf 89' lang='lat' dir='ltr'><strong>sed</strong></span> <span class='ocrx_word' id='word_1_171' title='bbox 840 2558 930 2641; x_wconf 92' lang='lat' dir='ltr'><strong>ipso,</strong></span> <span class='ocrx_word' id='word_1_172' title='bbox 969 2561 1057 2644; x_wconf 88' lang='lat' dir='ltr'><strong>quod</strong></span> <span class='ocrx_word' id='word_1_173' title='bbox 1078 2557 1139 2620; x_wconf 88' lang='lat' dir='ltr'><strong>dici</strong></span> 
     </span>
     <span class='ocr_line' id='line_1_23' title="bbox 138 2660 1138 2746; baseline -0.004 -19"><span class='ocrx_word' id='word_1_174' title='bbox 138 2663 221 2727; x_wconf 81' lang='lat' dir='ltr'><strong>solet</strong></span> <span class='ocrx_word' id='word_1_175' title='bbox 241 2683 299 2726; x_wconf 88' lang='lat' dir='ltr'><strong>suo</strong></span> <span class='ocrx_word' id='word_1_176' title='bbox 321 2683 412 2738; x_wconf 89' lang='lat' dir='ltr'><strong>esse,</strong></span> <span class='ocrx_word' id='word_1_177' title='bbox 449 2661 529 2726; x_wconf 89' lang='lat' dir='ltr'><strong>sicut</strong></span> <span class='ocrx_word' id='word_1_178' title='bbox 553 2663 631 2738; x_wconf 89' lang='lat' dir='ltr'><strong>Sol,</strong></span> <span class='ocrx_word' id='word_1_179' title='bbox 666 2685 731 2727; x_wconf 93' lang='lat' dir='ltr'><strong>uon</strong></span> <span class='ocrx_word' id='word_1_180' title='bbox 752 2662 931 2726; x_wconf 89' lang='lat' dir='ltr'><strong>consultans</strong></span> <span class='ocrx_word' id='word_1_181' title='bbox 951 2681 1054 2746; x_wconf 88' lang='lat' dir='ltr'><strong>neque</strong></span> <span class='ocrx_word' id='word_1_182' title='bbox 1079 2660 1138 2724; x_wconf 90' lang='lat' dir='ltr'><strong>im·</strong></span> 
     </span>
     <span class='ocr_line' id='line_1_24' title="bbox 139 2763 1136 2849; baseline -0.001 -20"><span class='ocrx_word' id='word_1_183' title='bbox 139 2763 304 2829; x_wconf 87' lang='lat' dir='ltr'><strong>mutationi</strong></span> <span class='ocrx_word' id='word_1_184' title='bbox 324 2765 506 2841; x_wconf 79' lang='lat' dir='ltr'><strong>obnoxius,</strong></span> <span class='ocrx_word' id='word_1_185' title='bbox 537 2768 593 2829; x_wconf 90' lang='lat' dir='ltr'><strong>sed</strong></span> <span class='ocrx_word' id='word_1_186' title='bbox 618 2786 658 2828; x_wconf 92' lang='lat' dir='ltr'><strong>eo</strong></span> <span class='ocrx_word' id='word_1_187' title='bbox 678 2765 750 2847; x_wconf 89' lang='lat' dir='ltr'><strong>ipso</strong></span> <span class='ocrx_word' id='word_1_188' title='bbox 773 2767 860 2849; x_wconf 88' lang='lat' dir='ltr'><strong>quod</strong></span> <span class='ocrx_word' id='word_1_189' title='bbox 883 2779 930 2830; x_wconf 91' lang='lat' dir='ltr'><strong>est</strong></span> <span class='ocrx_word' id='word_1_190' title='bbox 958 2779 989 2829; x_wconf 91' lang='lat' dir='ltr'><strong>et</strong></span> <span class='ocrx_word' id='word_1_191' title='bbox 1011 2771 1136 2848; x_wconf 91' lang='lat' dir='ltr'><strong>semper&#39;</strong></span> 
     </span>
     <span class='ocr_line' id='line_1_25' title="bbox 141 2867 1137 2952; baseline 0 -21"><span class='ocrx_word' id='word_1_192' title='bbox 141 2877 265 2944; x_wconf 87' lang='lat' dir='ltr'><strong>manet,</strong></span> <span class='ocrx_word' id='word_1_193' title='bbox 299 2867 327 2931; x_wconf 89' lang='lat' dir='ltr'><strong>si</strong></span> <span class='ocrx_word' id='word_1_194' title='bbox 357 2877 410 2931; x_wconf 84' lang='lat' dir='ltr'><strong>res</strong></span> <span class='ocrx_word' id='word_1_195' title='bbox 438 2869 526 2931; x_wconf 79' lang='lat' dir='ltr'><strong>recle</strong></span> <span class='ocrx_word' id='word_1_196' title='bbox 556 2867 768 2952; x_wconf 80' lang='lat' dir='ltr'><strong>intelligatur,</strong></span> <span class='ocrx_word' id='word_1_197' title='bbox 805 2869 914 2950; x_wconf 86' lang='lat' dir='ltr'><strong>implet</strong></span> <span class='ocrx_word' id='word_1_198' title='bbox 942 2868 1046 2933; x_wconf 88' lang='lat' dir='ltr'><strong>omnia</strong></span> <span class='ocrx_word' id='word_1_199' title='bbox 1078 2890 1137 2931; x_wconf 90' lang='lat' dir='ltr'><strong>suo</strong></span> 
     </span>
     <span class='ocr_line' id='line_1_26' title="bbox 140 2962 1137 3055; baseline 0.001 -23"><span class='ocrx_word' id='word_1_200' title='bbox 140 2971 254 3034; x_wconf 89' lang='lat' dir='ltr'><strong>lumine</strong></span> <span class='ocrx_word' id='word_1_201' title='bbox 279 2993 360 3055; x_wconf 88' lang='lat' dir='ltr'><strong>quae</strong></span> <span class='ocrx_word' id='word_1_202' title='bbox 383 2970 461 3034; x_wconf 89' lang='lat' dir='ltr'><strong>illud</strong></span> <span class='ocrx_word' id='word_1_203' title='bbox 485 2962 675 3054; x_wconf 69' lang='lat' dir='ltr'><strong>participale</strong></span> <span class='ocrx_word' id='word_1_204' title='bbox 708 2975 781 3034; x_wconf 81' lang='lat' dir='ltr'><strong>s&#39;uirt</strong></span> <span class='ocrx_word' id='word_1_205' title='bbox 806 2971 932 3036; x_wconf 85' lang='lat' dir='ltr'><strong>idonea.</strong></span> <span class='ocrx_word' id='word_1_206' title='bbox 985 2974 1081 3054; x_wconf 83' lang='lat' dir='ltr'><strong>Quod</strong></span> <span class='ocrx_word' id='word_1_207' title='bbox 1110 2972 1137 3034; x_wconf 91' lang='lat' dir='ltr'><strong>si</strong></span> 
     </span>
     <span class='ocr_line' id='line_1_27' title="bbox 140 3073 1135 3157; baseline -0.002 -20"><span class='ocrx_word' id='word_1_208' title='bbox 140 3073 194 3137; x_wconf 91' lang='lat' dir='ltr'><strong>illo</strong></span> <span class='ocrx_word' id='word_1_209' title='bbox 225 3093 291 3156; x_wconf 87' lang='lat' dir='ltr'><strong>quo</strong></span> <span class='ocrx_word' id='word_1_210' title='bbox 319 3073 428 3139; x_wconf 84' lang='lat' dir='ltr'><strong>dicunt</strong></span> <span class='ocrx_word' id='word_1_211' title='bbox 454 3077 550 3139; x_wconf 78' lang='lat' dir='ltr'><strong>ruodo</strong></span> <span class='ocrx_word' id='word_1_212' title='bbox 579 3074 752 3139; x_wconf 87' lang='lat' dir='ltr'><strong>consistere</strong></span> <span class='ocrx_word' id='word_1_213' title='bbox 781 3078 887 3156; x_wconf 86' lang='lat' dir='ltr'><strong>potest</strong></span> <span class='ocrx_word' id='word_1_214' title='bbox 918 3074 1135 3157; x_wconf 68' lang='lat' dir='ltr'><strong>prouidentia,</strong></span> 
     </span>
     <span class='ocr_line' id='line_1_28' title="bbox 140 3159 1220 3261; baseline 0.001 -23"><span class='ocrx_word' id='word_1_215' title='bbox 140 3173 266 3259; x_wconf 89' lang='lat' dir='ltr'><strong>precari</strong></span> <span class='ocrx_word' id='word_1_216' title='bbox 286 3187 317 3237; x_wconf 89' lang='lat' dir='ltr'><strong>et</strong></span> <span class='ocrx_word' id='word_1_217' title='bbox 337 3178 428 3240; x_wconf 76' lang='lat' dir='ltr'><strong>sacra</strong></span> <span class='ocrx_word' id='word_1_218' title='bbox 454 3177 560 3241; x_wconf 84' lang='lat' dir='ltr'><strong>lacere</strong></span> <span class='ocrx_word' id='word_1_219' title='bbox 587 3159 627 3241; x_wconf 80' lang='lat' dir='ltr'><strong>ad</strong></span> <span class='ocrx_word' id='word_1_220' title='bbox 657 3177 870 3259; x_wconf 74' lang='lat' dir='ltr'><strong>impetrandas</strong></span> <span class='ocrx_word' id='word_1_221' title='bbox 899 3186 976 3261; x_wconf 83' lang='lat' dir='ltr'><strong>puta</strong></span> <span class='ocrx_word' id='word_1_222' title='bbox 1004 3176 1136 3252; x_wconf 86' lang='lat' dir='ltr'><strong>imbres,</strong></span> <span class='ocrx_word' id='word_1_223' title='bbox 1215 3225 1220 3230; x_wconf 90' lang='lat'>.</span> 
     </span>
     <span class='ocr_line' id='line_1_29' title="bbox 142 3276 1137 3363; baseline 0.004 -23"><span class='ocrx_word' id='word_1_224' title='bbox 142 3288 197 3342; x_wconf 91' lang='lat' dir='ltr'><strong>aut</strong></span> <span class='ocrx_word' id='word_1_225' title='bbox 216 3276 345 3360; x_wconf 76' lang='lat' dir='ltr'><strong>frugum</strong></span> <span class='ocrx_word' id='word_1_226' title='bbox 367 3279 490 3360; x_wconf 82' lang='lat' dir='ltr'><strong>copiam</strong></span> <span class='ocrx_word' id='word_1_227' title='bbox 512 3285 567 3343; x_wconf 74' lang='lat' dir='ltr'><strong>alut</strong></span> <span class='ocrx_word' id='word_1_228' title='bbox 587 3279 770 3355; x_wconf 69' lang='lat' dir='ltr'><strong>victoriam,</strong></span> <span class='ocrx_word' id='word_1_229' title='bbox 798 3287 931 3363; x_wconf 65' lang='lat' dir='ltr'><strong>piarum</strong></span> <span class='ocrx_word' id='word_1_230' title='bbox 953 3285 1063 3360; x_wconf 84' lang='lat' dir='ltr'><strong>nempe</strong></span> <span class='ocrx_word' id='word_1_231' title='bbox 1085 3297 1137 3344; x_wconf 61' lang='lat' dir='ltr'><strong>re*</strong></span> 
     </span>
     <span class='ocr_line' id='line_1_30' title="bbox 143 3379 1138 3467; baseline 0.001 -23"><span class='ocrx_word' id='word_1_232' title='bbox 143 3393 214 3444; x_wconf 82' lang='lat' dir='ltr'><strong>mm</strong></span> <span class='ocrx_word' id='word_1_233' title='bbox 236 3379 382 3442; x_wconf 87' lang='lat' dir='ltr'><strong>eventum</strong></span> <span class='ocrx_word' id='word_1_234' title='bbox 402 3381 457 3445; x_wconf 90' lang='lat' dir='ltr'><strong>Dii</strong></span> <span class='ocrx_word' id='word_1_235' title='bbox 478 3381 649 3467; x_wconf 73' lang='lat' dir='ltr'><strong>ignorent,</strong></span> <span class='ocrx_word' id='word_1_236' title='bbox 679 3401 744 3447; x_wconf 88' lang='lat' dir='ltr'><strong>uon</strong></span> <span class='ocrx_word' id='word_1_237' title='bbox 764 3382 863 3466; x_wconf 85' lang='lat' dir='ltr'><strong>longe</strong></span> <span class='ocrx_word' id='word_1_238' title='bbox 886 3384 972 3446; x_wconf 88' lang='lat' dir='ltr'><strong>abest</strong></span> <span class='ocrx_word' id='word_1_239' title='bbox 994 3383 1033 3443; x_wconf 89' lang='lat' dir='ltr'><strong>ab</strong></span> <span class='ocrx_word' id='word_1_240' title='bbox 1056 3381 1138 3445; x_wconf 80' lang='lat' dir='ltr'><strong>insa-</strong></span> 
     </span>
     <span class='ocr_line' id='line_1_31' title="bbox 142 3481 1139 3568; baseline 0.001 -20"><span class='ocrx_word' id='word_1_241' title='bbox 142 3482 221 3548; x_wconf 61' lang='lat' dir='ltr'><strong>uia:</strong></span> <span class='ocrx_word' id='word_1_242' title='bbox 272 3481 369 3563; x_wconf 83' lang='lat' dir='ltr'><strong>Quod</strong></span> <span class='ocrx_word' id='word_1_243' title='bbox 396 3483 508 3548; x_wconf 72' lang='lat' dir='ltr'><strong>ai¹ista</strong></span> <span class='ocrx_word' id='word_1_244' title='bbox 529 3484 630 3550; x_wconf 82' lang='lat' dir='ltr'><strong>sicae</strong></span> <span class='ocrx_word' id='word_1_245' title='bbox 651 3487 769 3550; x_wconf 86' lang='lat' dir='ltr'><strong>habere</strong></span> <span class='ocrx_word' id='word_1_246' title='bbox 797 3506 861 3549; x_wconf 87' lang='lat' dir='ltr'><strong>non</strong></span> <span class='ocrx_word' id='word_1_247' title='bbox 890 3495 1040 3568; x_wconf 86' lang='lat' dir='ltr'><strong>possunt,</strong></span> <span class='ocrx_word' id='word_1_248' title='bbox 1074 3486 1139 3550; x_wconf 85' lang='lat' dir='ltr'><strong>imo</strong></span> 
     </span>
     <span class='ocr_line' id='line_1_32' title="bbox 145 3585 1141 3673; baseline 0.002 -23"><span class='ocrx_word' id='word_1_249' title='bbox 145 3597 177 3650; x_wconf 85' lang='lat' dir='ltr'><strong>et</strong></span> <span class='ocrx_word' id='word_1_250' title='bbox 196 3585 282 3650; x_wconf 84' lang='lat' dir='ltr'><strong>dictu</strong></span> <span class='ocrx_word' id='word_1_251' title='bbox 304 3585 507 3672; x_wconf 85' lang='lat' dir='ltr'><strong>cogitatuque</strong></span> <span class='ocrx_word' id='word_1_252' title='bbox 535 3601 607 3664; x_wconf 76' lang='lat' dir='ltr'><strong>sunt</strong></span> <span class='ocrx_word' id='word_1_253' title='bbox 634 3587 752 3673; x_wconf 75' lang='lat' dir='ltr'><strong>iilrpia,</strong></span> <span class='ocrx_word' id='word_1_254' title='bbox 790 3587 920 3672; x_wconf 79' lang='lat' dir='ltr'><strong>ipsaque</strong></span> <span class='ocrx_word' id='word_1_255' title='bbox 949 3587 1141 3672; x_wconf 75' lang='lat' dir='ltr'><strong>experientia</strong></span> 
     </span>
     <span class='ocr_line' id='line_1_33' title="bbox 146 3689 1140 3774; baseline 0.004 -22"><span class='ocrx_word' id='word_1_256' title='bbox 146 3689 348 3766; x_wconf 71' lang='lat' dir='ltr'><strong>refelluntur,</strong></span> <span class='ocrx_word' id='word_1_257' title='bbox 389 3702 422 3752; x_wconf 94' lang='lat' dir='ltr'><strong>ut</strong></span> <span class='ocrx_word' id='word_1_258' title='bbox 450 3699 481 3753; x_wconf 87' lang='lat' dir='ltr'><strong>&#39;et</strong></span> <span class='ocrx_word' id='word_1_259' title='bbox 510 3691 690 3774; x_wconf 84' lang='lat' dir='ltr'><strong>multiplicia</strong></span> <span class='ocrx_word' id='word_1_260' title='bbox 718 3691 891 3756; x_wconf 80' lang='lat' dir='ltr'><strong>divinarum</strong></span> <span class='ocrx_word' id='word_1_261' title='bbox 921 3691 1140 3773; x_wconf 85' lang='lat' dir='ltr'><strong>operationum</strong></span> 
     </span>
     <span class='ocr_line' id='line_1_34' title="bbox 146 3793 1137 3882; baseline 0.006 -28"><span class='ocrx_word' id='word_1_262' title='bbox 146 3793 294 3876; x_wconf 83' lang='lat' dir='ltr'><strong>uegetia,</strong></span> <span class='ocrx_word' id='word_1_263' title='bbox 333 3805 364 3856; x_wconf 88' lang='lat' dir='ltr'><strong>et</strong></span> <span class='ocrx_word' id='word_1_264' title='bbox 392 3815 428 3856; x_wconf 91' lang='lat' dir='ltr'><strong>ea</strong></span> <span class='ocrx_word' id='word_1_265' title='bbox 460 3815 539 3878; x_wconf 72' lang='lat' dir='ltr'><strong>quiae</strong></span> <span class='ocrx_word' id='word_1_266' title='bbox 571 3796 649 3859; x_wconf 81' lang='lat' dir='ltr'><strong>liunt</strong></span> <span class='ocrx_word' id='word_1_267' title='bbox 678 3809 712 3860; x_wconf 93' lang='lat' dir='ltr'><strong>ut</strong></span> <span class='ocrx_word' id='word_1_268' title='bbox 738 3795 781 3858; x_wconf 86' lang='lat' dir='ltr'><strong>ita</strong></span> <span class='ocrx_word' id='word_1_269' title='bbox 810 3793 946 3858; x_wconf 83' lang='lat' dir='ltr'><strong>dieamus</strong></span> <span class='ocrx_word' id='word_1_270' title='bbox 971 3795 1137 3882; x_wconf 76' lang='lat' dir='ltr'><strong>quotidie,</strong></span> 
     </span>
     <span class='ocr_line' id='line_1_35' title="bbox 145 3895 1140 3981; baseline 0.005 -22"><span class='ocrx_word' id='word_1_271' title='bbox 145 3895 347 3962; x_wconf 69' lang='lat' dir='ltr'><strong>considerare</strong></span> <span class='ocrx_word' id='word_1_272' title='bbox 370 3897 546 3964; x_wconf 84' lang='lat' dir='ltr'><strong>volentibus</strong></span> <span class='ocrx_word' id='word_1_273' title='bbox 581 3900 765 3981; x_wconf 78' lang='lat' dir='ltr'><strong>ostendunt,</strong></span> <span class='ocrx_word' id='word_1_274' title='bbox 812 3895 974 3965; x_wconf 82' lang='lat' dir='ltr'><strong>dicendum</strong></span> <span class='ocrx_word' id='word_1_275' title='bbox 997 3910 1081 3964; x_wconf 91' lang='lat' dir='ltr'><strong>certe</strong></span> <span class='ocrx_word' id='word_1_276' title='bbox 1104 3919 1140 3964; x_wconf 86' lang='lat' dir='ltr'><strong>ca</strong></span> 
     </span>
    </p>
   </div>
   <div class='ocr_carea' id='block_1_5' title="bbox 0 0 1412 4512">
    <p class='ocr_par' dir='ltr' id='par_1_5' title="bbox 0 0 1412 4512">
     <span class='ocr_line' id='line_1_36' title="bbox 0 0 1412 4512; baseline 0 0"><span class='ocrx_word' id='word_1_277' title='bbox 0 0 1412 4512; x_wconf 95' lang='lat' dir='ltr'><strong> </strong></span> 
     </span>
    </p>
   </div>
  </div>
 </body>
</html>
