<?xml version="1.0" encoding="UTF-8"?>
<!DOCTYPE html PUBLIC "-//W3C//DTD XHTML 1.0 Transitional//EN"
    "http://www.w3.org/TR/xhtml1/DTD/xhtml1-transitional.dtd">
<html xmlns="http://www.w3.org/1999/xhtml" xml:lang="en" lang="en">
 <head>
  <title>
</title>
<meta http-equiv="Content-Type" content="text/html;charset=utf-8" />
  <meta name='ocr-system' content='tesseract 3.04.00' />
  <meta name='ocr-capabilities' content='ocr_page ocr_carea ocr_par ocr_line ocrx_word'/>
</head>
<body>
  <div class='ocr_page' id='page_1' title='image "./alexandriaprodi00alexgoog_0302.png"; bbox 0 0 2754 4510; ppageno 0'>
   <div class='ocr_carea' id='block_1_1' title="bbox 1064 341 1125 406">
    <p class='ocr_par' dir='ltr' id='par_1_1' title="bbox 1064 341 1125 406">
     <span class='ocr_line' id='line_1_1' title="bbox 1064 341 1125 406; baseline 0.033 -2"><span class='ocrx_word' id='word_1_1' title='bbox 1064 341 1125 406; x_wconf 78' lang='lat'>28⁵</span> 
     </span>
    </p>
   </div>
   <div class='ocr_carea' id='block_1_2' title="bbox 116 503 1128 1427">
    <p class='ocr_par' dir='ltr' id='par_1_2' title="bbox 116 503 1127 700">
     <span class='ocr_line' id='line_1_2' title="bbox 116 503 1125 600; baseline 0.002 -28"><span class='ocrx_word' id='word_1_2' title='bbox 116 509 178 588; x_wconf 80' lang='lat' dir='ltr'>tt)</span> <span class='ocrx_word' id='word_1_3' title='bbox 207 503 260 594; x_wconf 78' lang='grc' dir='ltr'>μὴ</span> <span class='ocrx_word' id='word_1_4' title='bbox 282 505 521 600; x_wconf 72' lang='grc' dir='ltr'><strong><em>δυναμένῳ]</em></strong></span> <span class='ocrx_word' id='word_1_5' title='bbox 544 505 597 574; x_wconf 80' lang='lat' dir='ltr'>Sic</span> <span class='ocrx_word' id='word_1_6' title='bbox 619 505 727 571; x_wconf 83' lang='lat' dir='ltr'>Havn.</span> <span class='ocrx_word' id='word_1_7' title='bbox 751 506 886 590; x_wconf 80' lang='lat' dir='ltr'>optime3</span> <span class='ocrx_word' id='word_1_8' title='bbox 908 511 1023 591; x_wconf 80' lang='lat' dir='ltr'><strong>pendet</strong></span> <span class='ocrx_word' id='word_1_9' title='bbox 1044 510 1125 574; x_wconf 86' lang='lat' dir='ltr'>enim</span> 
     </span>
     <span class='ocr_line' id='line_1_3' title="bbox 207 605 1127 700; baseline 0.007 -26"><span class='ocrx_word' id='word_1_10' title='bbox 207 606 287 677; x_wconf 81' lang='grc' dir='ltr'>τιτὸ</span> <span class='ocrx_word' id='word_1_11' title='bbox 307 613 462 700; x_wconf 84' lang='grc' dir='ltr'><em>παρεῖναι</em></span> <span class='ocrx_word' id='word_1_12' title='bbox 482 607 526 675; x_wconf 80' lang='grc' dir='ltr'>τὰ</span> <span class='ocrx_word' id='word_1_13' title='bbox 547 605 648 677; x_wconf 83' lang='grc' dir='ltr'><em>ἇίτια.</em></span> <span class='ocrx_word' id='word_1_14' title='bbox 670 610 754 672; x_wconf 91' lang='lat' dir='ltr'>Edd.</span> <span class='ocrx_word' id='word_1_15' title='bbox 776 607 822 698; x_wconf 80' lang='grc' dir='ltr'>μὴ</span> <span class='ocrx_word' id='word_1_16' title='bbox 844 606 1031 698; x_wconf 80' lang='grc' dir='ltr'><em>δυνάμενον.</em></span> <span class='ocrx_word' id='word_1_17' title='bbox 1052 614 1127 695; x_wconf 90' lang='grc' dir='ltr'>(Ο.)</span> 
     </span>
    </p>

    <p class='ocr_par' dir='ltr' id='par_1_3' title="bbox 116 707 968 800">
     <span class='ocr_line' id='line_1_4' title="bbox 116 707 968 800; baseline 0.004 -23"><span class='ocrx_word' id='word_1_18' title='bbox 116 714 178 793; x_wconf 76' lang='grc'>12)</span> <span class='ocrx_word' id='word_1_19' title='bbox 206 709 259 800; x_wconf 82' lang='grc' dir='ltr'>μὴ</span> <span class='ocrx_word' id='word_1_20' title='bbox 283 710 531 792; x_wconf 76' lang='grc' dir='ltr'><em>κινεῖσθαι]</em></span> <span class='ocrx_word' id='word_1_21' title='bbox 568 713 647 776; x_wconf 87' lang='lat' dir='ltr'>Ald.</span> <span class='ocrx_word' id='word_1_22' title='bbox 672 715 703 775; x_wconf 88' lang='lat' dir='ltr'>t.</span> <span class='ocrx_word' id='word_1_23' title='bbox 725 707 771 798; x_wconf 78' lang='grc' dir='ltr'>μὴ</span> <span class='ocrx_word' id='word_1_24' title='bbox 793 713 968 793; x_wconf 74' lang='grc' dir='ltr'><em>κινῆσθαι.</em></span> 
     </span>
    </p>

    <p class='ocr_par' dir='ltr' id='par_1_4' title="bbox 117 809 1128 1427">
     <span class='ocr_line' id='line_1_5' title="bbox 117 809 1125 906; baseline 0.006 -27"><span class='ocrx_word' id='word_1_25' title='bbox 117 817 177 898; x_wconf 83' lang='grc'>13)</span> <span class='ocrx_word' id='word_1_26' title='bbox 205 811 364 882; x_wconf 82' lang='grc' dir='ltr'><em>τούτων</em></span> <span class='ocrx_word' id='word_1_27' title='bbox 392 809 634 906; x_wconf 81' lang='grc' dir='ltr'><em>παρόντων]</em></span> <span class='ocrx_word' id='word_1_28' title='bbox 671 815 935 880; x_wconf 77' lang='lat' dir='ltr'>Havn.A1d.2.</span> <span class='ocrx_word' id='word_1_29' title='bbox 964 830 996 881; x_wconf 90' lang='lat' dir='ltr'>et</span> <span class='ocrx_word' id='word_1_30' title='bbox 1017 815 1125 885; x_wconf 79' lang='lat' dir='ltr'>Casei·</span> 
     </span>
     <span class='ocr_line' id='line_1_6' title="bbox 208 913 1126 1008; baseline 0.002 -23"><span class='ocrx_word' id='word_1_31' title='bbox 208 913 334 985; x_wconf 87' lang='grc' dir='ltr'><em>τοότων</em></span> <span class='ocrx_word' id='word_1_32' title='bbox 353 914 398 1004; x_wconf 79' lang='grc' dir='ltr'>μὴ</span> <span class='ocrx_word' id='word_1_33' title='bbox 420 913 603 1008; x_wconf 85' lang='grc' dir='ltr'><em>παρόντων,</em></span> <span class='ocrx_word' id='word_1_34' title='bbox 629 919 716 1001; x_wconf 92' lang='lat' dir='ltr'>quod</span> <span class='ocrx_word' id='word_1_35' title='bbox 729 917 960 1000; x_wconf 85' lang='lat' dir='ltr'>recipiendum,</span> <span class='ocrx_word' id='word_1_36' title='bbox 985 921 1012 985; x_wconf 92' lang='lat' dir='ltr'>si</span> <span class='ocrx_word' id='word_1_37' title='bbox 1026 924 1126 988; x_wconf 80' lang='lat' dir='ltr'>verba</span> 
     </span>
     <span class='ocr_line' id='line_1_7' title="bbox 207 1017 1128 1110; baseline 0.004 -26"><span class='ocrx_word' id='word_1_38' title='bbox 207 1020 426 1104; x_wconf 79' lang='lat' dir='ltr'>praecedentia</span> <span class='ocrx_word' id='word_1_39' title='bbox 446 1017 492 1106; x_wconf 80' lang='grc' dir='ltr'>μὴ</span> <span class='ocrx_word' id='word_1_40' title='bbox 521 1021 689 1110; x_wconf 80' lang='grc' dir='ltr'><em>δυναμένῳ</em></span> <span class='ocrx_word' id='word_1_41' title='bbox 716 1017 762 1106; x_wconf 81' lang='grc' dir='ltr'>μὴ</span> <span class='ocrx_word' id='word_1_42' title='bbox 790 1025 961 1089; x_wconf 75' lang='grc' dir='ltr'><em>κινεῖσθαι</em></span> <span class='ocrx_word' id='word_1_43' title='bbox 993 1024 1128 1109; x_wconf 83' lang='lat' dir='ltr'>accipia-</span> 
     </span>
     <span class='ocr_line' id='line_1_8' title="bbox 208 1122 1126 1210; baseline 0.005 -22"><span class='ocrx_word' id='word_1_44' title='bbox 208 1146 277 1188; x_wconf 86' lang='lat' dir='ltr'>mus</span> <span class='ocrx_word' id='word_1_45' title='bbox 298 1145 360 1206; x_wconf 87' lang='lat' dir='ltr'>pro</span> <span class='ocrx_word' id='word_1_46' title='bbox 384 1123 502 1205; x_wconf 84' lang='lat' dir='ltr'>duplici</span> <span class='ocrx_word' id='word_1_47' title='bbox 529 1122 697 1208; x_wconf 81' lang='lat' dir='ltr'>negatione</span> <span class='ocrx_word' id='word_1_48' title='bbox 732 1123 847 1188; x_wconf 85' lang='lat' dir='ltr'>fortius</span> <span class='ocrx_word' id='word_1_49' title='bbox 874 1138 1021 1210; x_wconf 82' lang='lat' dir='ltr'>negante.</span> <span class='ocrx_word' id='word_1_50' title='bbox 1078 1127 1126 1193; x_wconf 87' lang='lat' dir='ltr'>At</span> 
     </span>
     <span class='ocr_line' id='line_1_9' title="bbox 207 1225 1123 1312; baseline 0.003 -21"><span class='ocrx_word' id='word_1_51' title='bbox 207 1227 251 1303; x_wconf 82' lang='lat' dir='ltr'>si,</span> <span class='ocrx_word' id='word_1_52' title='bbox 274 1238 310 1290; x_wconf 88' lang='lat' dir='ltr'>ut</span> <span class='ocrx_word' id='word_1_53' title='bbox 331 1239 499 1290; x_wconf 79' lang='lat' dir='ltr'>contextus</span> <span class='ocrx_word' id='word_1_54' title='bbox 520 1225 660 1312; x_wconf 86' lang='lat' dir='ltr'>flagitat,</span> <span class='ocrx_word' id='word_1_55' title='bbox 695 1225 883 1310; x_wconf 83' lang='lat' dir='ltr'>accipiamus</span> <span class='ocrx_word' id='word_1_56' title='bbox 905 1251 967 1311; x_wconf 83' lang='lat' dir='ltr'>pro</span> <span class='ocrx_word' id='word_1_57' title='bbox 989 1229 1123 1294; x_wconf 80' lang='lat' dir='ltr'>affirma·</span> 
     </span>
     <span class='ocr_line' id='line_1_10' title="bbox 208 1324 1016 1427; baseline 0.004 -33"><span class='ocrx_word' id='word_1_58' title='bbox 208 1331 312 1408; x_wconf 90' lang='lat' dir='ltr'>tione,</span> <span class='ocrx_word' id='word_1_59' title='bbox 335 1326 381 1418; x_wconf 80' lang='grc' dir='ltr'>μὴ</span> <span class='ocrx_word' id='word_1_60' title='bbox 403 1342 475 1394; x_wconf 87' lang='lat' dir='ltr'>ante</span> <span class='ocrx_word' id='word_1_61' title='bbox 495 1324 669 1427; x_wconf 79' lang='grc' dir='ltr'><em>παρόντων</em></span> <span class='ocrx_word' id='word_1_62' title='bbox 688 1340 776 1393; x_wconf 89' lang='lat' dir='ltr'>recte</span> <span class='ocrx_word' id='word_1_63' title='bbox 798 1331 898 1393; x_wconf 80' lang='lat' dir='ltr'>abest.</span> <span class='ocrx_word' id='word_1_64' title='bbox 942 1332 1016 1414; x_wconf 89' lang='grc' dir='ltr'>(Ο.)</span> 
     </span>
    </p>
   </div>
   <div class='ocr_carea' id='block_1_3' title="bbox 120 1429 1124 1616">
    <p class='ocr_par' dir='ltr' id='par_1_5' title="bbox 120 1429 1124 1616">
     <span class='ocr_line' id='line_1_11' title="bbox 120 1429 1124 1524; baseline 0.003 -26"><span class='ocrx_word' id='word_1_65' title='bbox 120 1435 179 1518; x_wconf 77' lang='lat' dir='ltr'>id)</span> <span class='ocrx_word' id='word_1_66' title='bbox 207 1435 284 1499; x_wconf 84' lang='grc' dir='ltr'>τῶν</span> <span class='ocrx_word' id='word_1_67' title='bbox 305 1435 347 1500; x_wconf 76' lang='grc' dir='ltr'>δὲ</span> <span class='ocrx_word' id='word_1_68' title='bbox 369 1429 440 1499; x_wconf 78' lang='grc' dir='ltr'>διὰ</span> <span class='ocrx_word' id='word_1_69' title='bbox 460 1430 610 1524; x_wconf 81' lang='grc' dir='ltr'><em>πυρὸς]</em></span> <span class='ocrx_word' id='word_1_70' title='bbox 646 1433 766 1497; x_wconf 87' lang='lat' dir='ltr'>Annon</span> <span class='ocrx_word' id='word_1_71' title='bbox 794 1432 978 1514; x_wconf 79' lang='lat' dir='ltr'>exciderunt</span> <span class='ocrx_word' id='word_1_72' title='bbox 1007 1437 1124 1501; x_wconf 80' lang='lat' dir='ltr'>verba:</span> 
     </span>
     <span class='ocr_line' id='line_1_12' title="bbox 206 1526 667 1616; baseline -0.011 -12"><span class='ocrx_word' id='word_1_73' title='bbox 206 1535 271 1604; x_wconf 75' lang='grc' dir='ltr'>τῶν</span> <span class='ocrx_word' id='word_1_74' title='bbox 291 1538 327 1604; x_wconf 77' lang='grc' dir='ltr'>δὲ</span> <span class='ocrx_word' id='word_1_75' title='bbox 348 1531 388 1604; x_wconf 77' lang='grc' dir='ltr'>δι’</span> <span class='ocrx_word' id='word_1_76' title='bbox 411 1526 558 1614; x_wconf 71' lang='grc' dir='ltr'><em>όὸατοςῗ</em></span> <span class='ocrx_word' id='word_1_77' title='bbox 593 1535 667 1616; x_wconf 92' lang='grc'>(0.)</span> 
     </span>
    </p>
   </div>
   <div class='ocr_carea' id='block_1_4' title="bbox 536 1725 717 1768">
    <p class='ocr_par' dir='ltr' id='par_1_6' title="bbox 536 1725 717 1768">
     <span class='ocr_line' id='line_1_13' title="bbox 536 1725 717 1768; baseline 0.006 -2"><span class='ocrx_word' id='word_1_78' title='bbox 536 1725 583 1767; x_wconf 75' lang='lat' dir='ltr'>CA</span> <span class='ocrx_word' id='word_1_79' title='bbox 591 1725 623 1767; x_wconf 84' lang='lat' dir='ltr'>t‘.</span> <span class='ocrx_word' id='word_1_80' title='bbox 646 1727 717 1768; x_wconf 81' lang='lat' dir='ltr'>xltt.</span> 
     </span>
    </p>
   </div>
   <div class='ocr_carea' id='block_1_5' title="bbox 100 1843 1232 3980">
    <p class='ocr_par' dir='ltr' id='par_1_7' title="bbox 144 1843 905 1928">
     <span class='ocr_line' id='line_1_14' title="bbox 144 1843 905 1928; baseline 0.001 -18"><span class='ocrx_word' id='word_1_81' title='bbox 144 1847 179 1926; x_wconf 88' lang='grc'>1)</span> <span class='ocrx_word' id='word_1_82' title='bbox 208 1843 367 1928; x_wconf 73' lang='grc' dir='ltr'><em>ἐκεῖνο]</em></span> <span class='ocrx_word' id='word_1_83' title='bbox 404 1846 457 1910; x_wconf 85' lang='lat' dir='ltr'>Sic</span> <span class='ocrx_word' id='word_1_84' title='bbox 478 1845 560 1911; x_wconf 89' lang='lat' dir='ltr'>edidi</span> <span class='ocrx_word' id='word_1_85' title='bbox 580 1866 643 1928; x_wconf 85' lang='lat' dir='ltr'>pro</span> <span class='ocrx_word' id='word_1_86' title='bbox 666 1844 787 1913; x_wconf 79' lang='grc' dir='ltr'><em>ἐκείνου</em></span> <span class='ocrx_word' id='word_1_87' title='bbox 831 1847 905 1928; x_wconf 93' lang='grc' dir='ltr'>(Ο.)</span> 
     </span>
    </p>

    <p class='ocr_par' dir='ltr' id='par_1_8' title="bbox 142 1947 1133 2350">
     <span class='ocr_line' id='line_1_15' title="bbox 142 1947 1128 2036; baseline 0.007 -24"><span class='ocrx_word' id='word_1_88' title='bbox 142 1949 181 2031; x_wconf 74' lang='grc'>2)</span> <span class='ocrx_word' id='word_1_89' title='bbox 208 1947 415 2036; x_wconf 74' lang='grc' dir='ltr'><em>γίνεσθαι</em></span> <span class='ocrx_word' id='word_1_90' title='bbox 446 1947 693 2036; x_wconf 69' lang='grc' dir='ltr'><em>λέγοντας)</em></span> <span class='ocrx_word' id='word_1_91' title='bbox 718 1948 772 2012; x_wconf 85' lang='lat' dir='ltr'>Sic</span> <span class='ocrx_word' id='word_1_92' title='bbox 801 1950 882 2014; x_wconf 84' lang='lat' dir='ltr'>edidi</span> <span class='ocrx_word' id='word_1_93' title='bbox 904 1973 945 2014; x_wconf 84' lang='lat' dir='ltr'>ex</span> <span class='ocrx_word' id='word_1_94' title='bbox 965 1953 1072 2017; x_wconf 84' lang='lat' dir='ltr'>Havn.</span> <span class='ocrx_word' id='word_1_95' title='bbox 1095 1965 1128 2018; x_wconf 81' lang='lat' dir='ltr'>et</span> 
     </span>
     <span class='ocr_line' id='line_1_16' title="bbox 209 2051 1130 2142; baseline -0.007 -24"><span class='ocrx_word' id='word_1_96' title='bbox 209 2051 336 2118; x_wconf 85' lang='lat' dir='ltr'>Aldinis</span> <span class='ocrx_word' id='word_1_97' title='bbox 357 2052 518 2138; x_wconf 81' lang='lat' dir='ltr'>flagitante</span> <span class='ocrx_word' id='word_1_98' title='bbox 540 2064 704 2116; x_wconf 83' lang='lat' dir='ltr'>contextu.</span> <span class='ocrx_word' id='word_1_99' title='bbox 720 2054 830 2116; x_wconf 82' lang='lat' dir='ltr'>Lond.</span> <span class='ocrx_word' id='word_1_100' title='bbox 845 2054 1004 2139; x_wconf 76' lang='grc' dir='ltr'><em>γίνεσθαι</em></span> <span class='ocrx_word' id='word_1_101' title='bbox 1018 2059 1130 2142; x_wconf 69' lang='grc' dir='ltr'><em>λέγον.</em></span> 
     </span>
     <span class='ocr_line' id='line_1_17' title="bbox 208 2150 1130 2243; baseline 0.004 -22"><span class='ocrx_word' id='word_1_102' title='bbox 208 2179 271 2233; x_wconf 83' lang='grc' dir='ltr'><em>τες.</em></span> <span class='ocrx_word' id='word_1_103' title='bbox 298 2157 337 2221; x_wconf 91' lang='lat' dir='ltr'>In</span> <span class='ocrx_word' id='word_1_104' title='bbox 358 2177 450 2240; x_wconf 83' lang='lat' dir='ltr'>seqq.</span> <span class='ocrx_word' id='word_1_105' title='bbox 472 2150 624 2222; x_wconf 76' lang='grc' dir='ltr'><em>ἆντόθεν</em></span> <span class='ocrx_word' id='word_1_106' title='bbox 643 2151 689 2243; x_wconf 79' lang='grc' dir='ltr'>μὴ</span> <span class='ocrx_word' id='word_1_107' title='bbox 705 2150 875 2236; x_wconf 72' lang='grc' dir='ltr'><em>σώζεσθαι</em></span> <span class='ocrx_word' id='word_1_108' title='bbox 888 2157 1006 2222; x_wconf 84' lang='lat' dir='ltr'>habent</span> <span class='ocrx_word' id='word_1_109' title='bbox 1020 2161 1130 2224; x_wconf 85' lang='lat' dir='ltr'>Havn.</span> 
     </span>
     <span class='ocr_line' id='line_1_18' title="bbox 209 2253 1133 2350; baseline 0.005 -24"><span class='ocrx_word' id='word_1_110' title='bbox 209 2259 289 2326; x_wconf 83' lang='lat' dir='ltr'>Ald.</span> <span class='ocrx_word' id='word_1_111' title='bbox 312 2269 345 2322; x_wconf 84' lang='lat' dir='ltr'>et</span> <span class='ocrx_word' id='word_1_112' title='bbox 366 2257 473 2323; x_wconf 83' lang='lat' dir='ltr'>Casei.</span> <span class='ocrx_word' id='word_1_113' title='bbox 489 2261 598 2324; x_wconf 91' lang='lat' dir='ltr'>Lond.</span> <span class='ocrx_word' id='word_1_114' title='bbox 622 2269 725 2321; x_wconf 88' lang='lat' dir='ltr'>autem</span> <span class='ocrx_word' id='word_1_115' title='bbox 746 2253 861 2338; x_wconf 80' lang='grc' dir='ltr'><em>ἆντοῖς</em></span> <span class='ocrx_word' id='word_1_116' title='bbox 880 2259 927 2350; x_wconf 85' lang='grc' dir='ltr'>μὴ</span> <span class='ocrx_word' id='word_1_117' title='bbox 949 2258 1133 2343; x_wconf 75' lang='grc' dir='ltr'><em>σώζεσθαι.</em></span> 
     </span>
    </p>

    <p class='ocr_par' dir='ltr' id='par_1_9' title="bbox 155 2356 1131 2551">
     <span class='ocr_line' id='line_1_19' title="bbox 155 2356 1131 2457; baseline 0.002 -27"><span class='ocrx_word' id='word_1_118' title='bbox 155 2421 159 2430; x_wconf 94' lang='grc'>.</span> <span class='ocrx_word' id='word_1_119' title='bbox 207 2363 272 2426; x_wconf 86' lang='lat' dir='ltr'>Sed</span> <span class='ocrx_word' id='word_1_120' title='bbox 291 2361 382 2425; x_wconf 89' lang='lat' dir='ltr'>unice</span> <span class='ocrx_word' id='word_1_121' title='bbox 404 2383 515 2425; x_wconf 86' lang='lat' dir='ltr'>verum</span> <span class='ocrx_word' id='word_1_122' title='bbox 536 2373 584 2425; x_wconf 89' lang='lat' dir='ltr'>est</span> <span class='ocrx_word' id='word_1_123' title='bbox 616 2356 766 2428; x_wconf 79' lang='grc' dir='ltr'><em>ἆντόθεν</em></span> <span class='ocrx_word' id='word_1_124' title='bbox 794 2363 864 2426; x_wconf 86' lang='lat' dir='ltr'>scil.</span> <span class='ocrx_word' id='word_1_125' title='bbox 891 2365 938 2457; x_wconf 74' lang='grc' dir='ltr'>τῷ</span> <span class='ocrx_word' id='word_1_126' title='bbox 966 2360 1075 2432; x_wconf 81' lang='grc' dir='ltr'><em>πάντα</em></span> <span class='ocrx_word' id='word_1_127' title='bbox 1097 2365 1131 2448; x_wconf 77' lang='grc' dir='ltr'>ἐξ</span> 
     </span>
     <span class='ocr_line' id='line_1_20' title="bbox 210 2459 660 2551; baseline -0.007 -19"><span class='ocrx_word' id='word_1_128' title='bbox 210 2459 355 2551; x_wconf 76' lang='grc' dir='ltr'><em>ἇνόγκης</em></span> <span class='ocrx_word' id='word_1_129' title='bbox 375 2463 544 2551; x_wconf 72' lang='grc' dir='ltr'><em>γίνεσθαι.</em></span> <span class='ocrx_word' id='word_1_130' title='bbox 586 2464 660 2545; x_wconf 90' lang='grc'>(0.)</span> 
     </span>
    </p>

    <p class='ocr_par' dir='ltr' id='par_1_10' title="bbox 145 2562 1232 3881">
     <span class='ocr_line' id='line_1_21' title="bbox 145 2562 1132 2664; baseline 0.006 -31"><span class='ocrx_word' id='word_1_131' title='bbox 145 2569 182 2652; x_wconf 79' lang='grc'>3)</span> <span class='ocrx_word' id='word_1_132' title='bbox 208 2573 279 2635; x_wconf 75' lang='grc' dir='ltr'>καὶ</span> <span class='ocrx_word' id='word_1_133' title='bbox 299 2563 434 2634; x_wconf 74' lang='grc' dir='ltr'><em>πολλὰ</em></span> <span class='ocrx_word' id='word_1_134' title='bbox 453 2567 531 2634; x_wconf 79' lang='grc' dir='ltr'>τῶν</span> <span class='ocrx_word' id='word_1_135' title='bbox 545 2562 633 2654; x_wconf 78' lang='grc' dir='ltr'><em>παρ’</em></span> <span class='ocrx_word' id='word_1_136' title='bbox 651 2562 809 2646; x_wconf 77' lang='grc' dir='ltr'>όντοόςΙ</span> <span class='ocrx_word' id='word_1_137' title='bbox 823 2562 1023 2656; x_wconf 80' lang='grc' dir='ltr'><em>λεγόμενα</em></span> <span class='ocrx_word' id='word_1_138' title='bbox 1037 2576 1132 2664; x_wconf 79' lang='grc' dir='ltr'><em>περὶ</em></span> 
     </span>
     <span class='ocr_line' id='line_1_22' title="bbox 207 2664 1232 2764; baseline 0.004 -27"><span class='ocrx_word' id='word_1_139' title='bbox 207 2670 282 2738; x_wconf 83' lang='grc' dir='ltr'>τοῦ</span> <span class='ocrx_word' id='word_1_140' title='bbox 303 2665 359 2764; x_wconf 77' lang='grc' dir='ltr'>ἐφ’</span> <span class='ocrx_word' id='word_1_141' title='bbox 383 2665 500 2758; x_wconf 80' lang='grc' dir='ltr'><em>ἡμῖν,</em></span> <span class='ocrx_word' id='word_1_142' title='bbox 529 2664 579 2749; x_wconf 82' lang='grc' dir='ltr'>ὡς</span> <span class='ocrx_word' id='word_1_143' title='bbox 610 2667 657 2738; x_wconf 76' lang='grc' dir='ltr'>ἄν</span> <span class='ocrx_word' id='word_1_144' title='bbox 684 2694 725 2737; x_wconf 78' lang='grc' dir='ltr'>τε</span> <span class='ocrx_word' id='word_1_145' title='bbox 753 2666 883 2738; x_wconf 79' lang='grc' dir='ltr'><em>τᾶυτὸ</em></span> <span class='ocrx_word' id='word_1_146' title='bbox 912 2674 1131 2741; x_wconf 70' lang='lat' dir='ltr'>detentione</span> <span class='ocrx_word' id='word_1_147' title='bbox 1227 2675 1232 2690; x_wconf 92' lang='lat'><em>&#39;</em></span> 
     </span>
     <span class='ocr_line' id='line_1_23' title="bbox 207 2770 1132 2868; baseline 0.001 -27"><span class='ocrx_word' id='word_1_148' title='bbox 207 2775 440 2842; x_wconf 79' lang='grc' dir='ltr'><em>σννοδεῦον</em></span> <span class='ocrx_word' id='word_1_149' title='bbox 461 2772 515 2865; x_wconf 77' lang='grc' dir='ltr'>τῷ</span> <span class='ocrx_word' id='word_1_150' title='bbox 536 2773 610 2854; x_wconf 82' lang='grc' dir='ltr'>τῆς</span> <span class='ocrx_word' id='word_1_151' title='bbox 636 2773 895 2865; x_wconf 79' lang='grc' dir='ltr'><em>ἑιμαρμένης</em></span> <span class='ocrx_word' id='word_1_152' title='bbox 916 2770 1045 2868; x_wconf 79' lang='grc' dir='ltr'><em>λόγῳ]</em></span> <span class='ocrx_word' id='word_1_153' title='bbox 1081 2779 1132 2844; x_wconf 80' lang='lat' dir='ltr'>Ita</span> 
     </span>
     <span class='ocr_line' id='line_1_24' title="bbox 208 2875 1133 2962; baseline 0.001 -20"><span class='ocrx_word' id='word_1_154' title='bbox 208 2877 354 2942; x_wconf 78' lang='lat' dir='ltr'>correxit</span> <span class='ocrx_word' id='word_1_155' title='bbox 367 2877 472 2942; x_wconf 82' lang='lat' dir='ltr'>editor</span> <span class='ocrx_word' id='word_1_156' title='bbox 486 2875 699 2940; x_wconf 86' lang='lat' dir='ltr'>Londinensis</span> <span class='ocrx_word' id='word_1_157' title='bbox 720 2876 886 2942; x_wconf 86' lang='lat' dir='ltr'>lectionem</span> <span class='ocrx_word' id='word_1_158' title='bbox 909 2878 1133 2962; x_wconf 82' lang='lat' dir='ltr'>depravatissi-</span> 
     </span>
     <span class='ocr_line' id='line_1_25' title="bbox 211 2979 1131 3064; baseline 0.002 -19"><span class='ocrx_word' id='word_1_159' title='bbox 211 3001 293 3045; x_wconf 85' lang='lat' dir='ltr'>mam</span> <span class='ocrx_word' id='word_1_160' title='bbox 306 2980 451 3064; x_wconf 86' lang='lat' dir='ltr'>priorum</span> <span class='ocrx_word' id='word_1_161' title='bbox 467 2979 656 3056; x_wconf 85' lang='lat' dir='ltr'>editionum,</span> <span class='ocrx_word' id='word_1_162' title='bbox 680 3001 773 3063; x_wconf 80' lang='lat' dir='ltr'><strong>quam</strong></span> <span class='ocrx_word' id='word_1_163' title='bbox 784 2981 877 3046; x_wconf 76' lang='lat' dir='ltr'>etiem</span> <span class='ocrx_word' id='word_1_164' title='bbox 893 2981 1007 3047; x_wconf 86' lang='lat' dir='ltr'>Codex</span> <span class='ocrx_word' id='word_1_165' title='bbox 1021 2984 1131 3047; x_wconf 83' lang='lat' dir='ltr'>Havn.</span> 
     </span>
     <span class='ocr_line' id='line_1_26' title="bbox 212 3077 1135 3177; baseline 0.004 -30"><span class='ocrx_word' id='word_1_166' title='bbox 212 3083 307 3148; x_wconf 79' lang='lat' dir='ltr'>habet</span> <span class='ocrx_word' id='word_1_167' title='bbox 328 3089 385 3149; x_wconf 83' lang='grc' dir='ltr'>καὶ</span> <span class='ocrx_word' id='word_1_168' title='bbox 404 3077 515 3149; x_wconf 77' lang='grc' dir='ltr'><em>πολλὰ</em></span> <span class='ocrx_word' id='word_1_169' title='bbox 535 3083 599 3148; x_wconf 81' lang='grc' dir='ltr'>τῶν</span> <span class='ocrx_word' id='word_1_170' title='bbox 619 3086 675 3148; x_wconf 77' lang='grc' dir='ltr'>καὶ</span> <span class='ocrx_word' id='word_1_171' title='bbox 697 3077 812 3162; x_wconf 81' lang='grc' dir='ltr'><em>ἆντοῖς</em></span> <span class='ocrx_word' id='word_1_172' title='bbox 832 3086 893 3151; x_wconf 81' lang='grc' dir='ltr'>τοῦ</span> <span class='ocrx_word' id='word_1_173' title='bbox 914 3080 963 3177; x_wconf 78' lang='grc' dir='ltr'>ἐφ’</span> <span class='ocrx_word' id='word_1_174' title='bbox 978 3080 1057 3170; x_wconf 76' lang='grc' dir='ltr'><em>ἡμῖν</em></span> <span class='ocrx_word' id='word_1_175' title='bbox 1070 3086 1135 3151; x_wconf 69' lang='lat' dir='ltr'>nd·</span> 
     </span>
     <span class='ocr_line' id='line_1_27' title="bbox 211 3178 1133 3267; baseline 0 -15"><span class='ocrx_word' id='word_1_176' title='bbox 211 3207 275 3252; x_wconf 84' lang='grc' dir='ltr'>σαν</span> <span class='ocrx_word' id='word_1_177' title='bbox 296 3209 331 3252; x_wconf 80' lang='grc' dir='ltr'>τε</span> <span class='ocrx_word' id='word_1_178' title='bbox 351 3181 378 3250; x_wconf 76' lang='grc' dir='ltr'>τ’</span> <span class='ocrx_word' id='word_1_179' title='bbox 401 3179 484 3251; x_wconf 80' lang='grc' dir='ltr'>ἇντὸ</span> <span class='ocrx_word' id='word_1_180' title='bbox 507 3178 642 3262; x_wconf 74' lang='grc' dir='ltr'><em>δεικνύς.</em></span> <span class='ocrx_word' id='word_1_181' title='bbox 684 3185 783 3267; x_wconf 85' lang='lat' dir='ltr'>Quod</span> <span class='ocrx_word' id='word_1_182' title='bbox 799 3200 973 3253; x_wconf 73' lang='lat' dir='ltr'>monstrum</span> <span class='ocrx_word' id='word_1_183' title='bbox 988 3187 1133 3252; x_wconf 83' lang='lat' dir='ltr'>lectionis</span> 
     </span>
     <span class='ocr_line' id='line_1_28' title="bbox 213 3287 1134 3373; baseline 0.003 -21"><span class='ocrx_word' id='word_1_184' title='bbox 213 3287 388 3373; x_wconf 82' lang='lat' dir='ltr'>Bagolinus</span> <span class='ocrx_word' id='word_1_185' title='bbox 420 3288 513 3373; x_wconf 85' lang='lat' dir='ltr'>signo</span> <span class='ocrx_word' id='word_1_186' title='bbox 541 3299 661 3352; x_wconf 84' lang='lat' dir='ltr'>tantum</span> <span class='ocrx_word' id='word_1_187' title='bbox 694 3291 908 3372; x_wconf 84' lang='lat' dir='ltr'>corruptionis</span> <span class='ocrx_word' id='word_1_188' title='bbox 931 3337 949 3373; x_wconf 74' lang='lat' dir='ltr'>e</span> <span class='ocrx_word' id='word_1_189' title='bbox 972 3290 1078 3354; x_wconf 86' lang='lat' dir='ltr'>addito</span> <span class='ocrx_word' id='word_1_190' title='bbox 1099 3291 1134 3355; x_wconf 90' lang='lat' dir='ltr'>in</span> 
     </span>
     <span class='ocr_line' id='line_1_29' title="bbox 211 3390 1137 3472; baseline 0.001 -18"><span class='ocrx_word' id='word_1_191' title='bbox 211 3391 359 3455; x_wconf 73' lang='lat' dir='ltr'>versione</span> <span class='ocrx_word' id='word_1_192' title='bbox 386 3412 444 3454; x_wconf 80' lang='lat' dir='ltr'>sna</span> <span class='ocrx_word' id='word_1_193' title='bbox 472 3391 627 3472; x_wconf 83' lang='lat' dir='ltr'>expressit</span> <span class='ocrx_word' id='word_1_194' title='bbox 655 3390 716 3454; x_wconf 81' lang='lat' dir='ltr'>ita:</span> <span class='ocrx_word' id='word_1_195' title='bbox 755 3404 789 3458; x_wconf 87' lang='lat' dir='ltr'>et</span> <span class='ocrx_word' id='word_1_196' title='bbox 816 3392 929 3456; x_wconf 81' lang='lat' dir='ltr'>multo</span> <span class='ocrx_word' id='word_1_197' title='bbox 963 3394 1067 3455; x_wconf 77' lang='lat' dir='ltr'>etiam</span> <span class='ocrx_word' id='word_1_198' title='bbox 1098 3394 1137 3455; x_wconf 81' lang='lat' dir='ltr'>t&#39;n</span> 
     </span>
     <span class='ocr_line' id='line_1_30' title="bbox 212 3491 1136 3576; baseline -0.002 -20"><span class='ocrx_word' id='word_1_199' title='bbox 212 3492 309 3556; x_wconf 78' lang='lat' dir='ltr'>nobis</span> <span class='ocrx_word' id='word_1_200' title='bbox 344 3514 543 3576; x_wconf 78' lang='lat' dir='ltr'>omnemque</span> <span class='ocrx_word' id='word_1_201' title='bbox 575 3491 664 3556; x_wconf 81' lang='lat' dir='ltr'>idem</span> <span class='ocrx_word' id='word_1_202' title='bbox 699 3492 930 3556; x_wconf 81' lang='lat' dir='ltr'>demonstrant</span> <span class='ocrx_word' id='word_1_203' title='bbox 964 3493 1136 3554; x_wconf 79' lang='lat' dir='ltr'>comitans</span> 
     </span>
     <span class='ocr_line' id='line_1_31' title="bbox 213 3589 1133 3673; baseline 0 -19"><span class='ocrx_word' id='word_1_204' title='bbox 213 3591 348 3672; x_wconf 82' lang='lat' dir='ltr'>defoto</span> <span class='ocrx_word' id='word_1_205' title='bbox 362 3589 566 3656; x_wconf 71' lang='lat' dir='ltr'>sermonem:</span> <span class='ocrx_word' id='word_1_206' title='bbox 587 3611 668 3673; x_wconf 82' lang='lat' dir='ltr'>quae</span> <span class='ocrx_word' id='word_1_207' title='bbox 690 3590 819 3654; x_wconf 91' lang='lat' dir='ltr'>omnino</span> <span class='ocrx_word' id='word_1_208' title='bbox 833 3601 906 3652; x_wconf 86' lang='lat' dir='ltr'>sont</span> <span class='ocrx_word' id='word_1_209' title='bbox 920 3609 1015 3656; x_wconf 84' lang='lat' dir='ltr'>sensu</span> <span class='ocrx_word' id='word_1_210' title='bbox 1030 3609 1133 3654; x_wconf 80' lang='lat' dir='ltr'>cassa.</span> 
     </span>
     <span class='ocr_line' id='line_1_32' title="bbox 213 3691 1134 3776; baseline -0.002 -18"><span class='ocrx_word' id='word_1_211' title='bbox 213 3691 287 3774; x_wconf 89' lang='lat' dir='ltr'>lpse</span> <span class='ocrx_word' id='word_1_212' title='bbox 310 3691 413 3756; x_wconf 86' lang='lat' dir='ltr'>editor</span> <span class='ocrx_word' id='word_1_213' title='bbox 434 3691 646 3756; x_wconf 88' lang='lat' dir='ltr'>Londinensis</span> <span class='ocrx_word' id='word_1_214' title='bbox 668 3693 836 3758; x_wconf 84' lang='lat' dir='ltr'>lectionem</span> <span class='ocrx_word' id='word_1_215' title='bbox 863 3713 956 3776; x_wconf 84' lang='lat' dir='ltr'>quarn</span> <span class='ocrx_word' id='word_1_216' title='bbox 979 3691 1011 3756; x_wconf 91' lang='lat' dir='ltr'>in</span> <span class='ocrx_word' id='word_1_217' title='bbox 1043 3703 1134 3756; x_wconf 85' lang='lat' dir='ltr'>textu</span> 
     </span>
     <span class='ocr_line' id='line_1_33' title="bbox 211 3793 1137 3881; baseline 0.002 -25"><span class='ocrx_word' id='word_1_218' title='bbox 211 3793 317 3871; x_wconf 88' lang='lat' dir='ltr'>dedit,</span> <span class='ocrx_word' id='word_1_219' title='bbox 354 3794 399 3857; x_wconf 77' lang='lat' dir='ltr'>ita</span> <span class='ocrx_word' id='word_1_220' title='bbox 425 3794 583 3858; x_wconf 86' lang='lat' dir='ltr'>reddidit:</span> <span class='ocrx_word' id='word_1_221' title='bbox 620 3799 768 3881; x_wconf 81' lang='lat' dir='ltr'>itemque</span> <span class='ocrx_word' id='word_1_222' title='bbox 802 3795 915 3858; x_wconf 77' lang='lat' dir='ltr'>motta</span> <span class='ocrx_word' id='word_1_223' title='bbox 948 3813 972 3856; x_wconf 84' lang='grc' dir='ltr'><em>α</em></span> <span class='ocrx_word' id='word_1_224' title='bbox 994 3815 1030 3860; x_wconf 83' lang='lat' dir='ltr'>se</span> <span class='ocrx_word' id='word_1_225' title='bbox 1054 3796 1137 3876; x_wconf 78' lang='lat' dir='ltr'>ipsis</span> 
     </span>
    </p>

    <p class='ocr_par' dir='ltr' id='par_1_11' title="bbox 100 3893 1132 3980">
     <span class='ocr_line' id='line_1_34' title="bbox 100 3893 1132 3980; baseline 0.001 -24"><span class='ocrx_word' id='word_1_226' title='bbox 100 3944 107 3956; x_wconf 93' lang='lat'>.</span> <span class='ocrx_word' id='word_1_227' title='bbox 214 3893 312 3958; x_wconf 84' lang='lat' dir='ltr'>diota</span> <span class='ocrx_word' id='word_1_228' title='bbox 335 3894 376 3964; x_wconf 84' lang='lat' dir='ltr'>de</span> <span class='ocrx_word' id='word_1_229' title='bbox 397 3917 439 3962; x_wconf 84' lang='lat' dir='ltr'>eo</span> <span class='ocrx_word' id='word_1_230' title='bbox 462 3894 558 3980; x_wconf 71' lang='lat' dir='ltr'>qnod</span> <span class='ocrx_word' id='word_1_231' title='bbox 577 3905 625 3961; x_wconf 83' lang='lat' dir='ltr'>est</span> <span class='ocrx_word' id='word_1_232' title='bbox 645 3897 680 3960; x_wconf 84' lang='lat' dir='ltr'>t&#39;n</span> <span class='ocrx_word' id='word_1_233' title='bbox 700 3903 818 3958; x_wconf 81' lang='lat' dir='ltr'>nottm</span> <span class='ocrx_word' id='word_1_234' title='bbox 846 3902 1016 3976; x_wconf 80' lang='lat' dir='ltr'>potestate</span> <span class='ocrx_word' id='word_1_235' title='bbox 1048 3893 1132 3974; x_wconf 83' lang='lat' dir='ltr'>(scil.</span> 
     </span>
    </p>
   </div>
   <div class='ocr_carea' id='block_1_6' title="bbox 0 0 1396 4510">
    <p class='ocr_par' dir='ltr' id='par_1_12' title="bbox 0 0 1396 4510">
     <span class='ocr_line' id='line_1_35' title="bbox 0 0 1396 4510; baseline 0 0"><span class='ocrx_word' id='word_1_236' title='bbox 0 0 1396 4510; x_wconf 95' lang='lat' dir='ltr'> </span> 
     </span>
    </p>
   </div>
  </div>
 </body>
</html>
