2772 4510
233 319 294 382 190
658 341 671 368 ο

226 479 353 552 Ἀλλ’
337 509 365 550 ει
383 475 612 572 συγχωρηθείη
635 475 733 547 τοῦτό
756 505 789 548 τε
809 485 865 547 καὶ
883 475 942 547 τὸν
962 471 1088 600 κόσμον
1102 477 1185 544 ἰῖναι
1200 471 1241 557 ⁶).

230 592 287 654 και
305 589 365 653 τοῦ
385 581 511 674 κόσμου
533 580 643 664 ὄντος,
665 577 787 660 θεοὺς·
814 583 884 664 (καί
898 605 951 650 τοι
965 605 1028 648 κατ
1024 574 1268 704 ’Ἐπίκουρον

231 685 361 767 ἐκτός”
343 713 441 766 οντας
456 683 572 768 66606)
590 686 620 766 ⁷)
639 691 694 752 καὶ
711 688 789 766 τοῦς
805 681 911 762 θεοὺς
926 673 1125 769 ἀγαθοάς”“
1094 707 1194 762 ειυαι,
1216 684 1245 748 ἐι

186 863 187 868 ,
231 795 337 859 δὲκαὶ
360 785 691 880 8)τὸ.ἀρετο“ηνέῐναι
714 793 783 865 τοῖς
803 781 1087 912 θεοῖςὲπόμενου,
1109 782 1245 876 πῶςτῷ

229 891 374 976 τὴντῶν
395 887 524 960 θεῶν
505 888 624 982 αρετην
645 894 744 971 εἶναι,
775 885 873 957 έποιτ
896 884 937 956 ἀν
954 885 993 955 τὸ
1015 889 1097 954 ε’ῐναι
1119 882 1246 980 φρόνη-

230 1011 301 1078 6663
321 995 372 1118 τίς
387 992 453 1120 γὰρ
472 989 493 1076 6
516 995 573 1076 τῆς
590 990 800 1070 ἀκολουθίας
817 987 941 1074 ταύτης
957 986 1102 1079 6667663
1118 986 1247 1078 Ἐιμὲν

229 1096 294 1192 γὰρ
317 1085 357 1182 66
380 1099 572 1214 εἰλημμένον
599 1093 656 1180 τὸ,
695 1093 754 1177 τὴν
778 1090 1014 1186 ἀνθρώπων
995 1091 1116 1182 αρετηυ
1143 1095 1245 1174 ε’ῐναι,

229 1196 328 1270 ἕποιτ
345 1196 386 1267 ἀν
399 1194 504 1290 τούτῳ
519 1194 607 1280 καὶὴ
628 1194 804 1291 φρόνησις·
822 1193 954 1265 3Ἐκεὶό
965 1197 1062 1263 ἐκ
1016 1221 1080 1264 των
1093 1199 1247 1283 κειμένων

229 1306 379 1384 ε’ἰληπται
400 1297 439 1368 τὸ
461 1268 521 1381 666
538 1303 602 1368 666
626 1301 719 1368 θεάν
745 1295 863 1391 ἀρετὴν
886 1301 969 1368 έῐναι
983 1303 1030 1382 ⁹),
1051 1301 1120 1377 πῶς
1138 1293 1179 1366 ἀν
1196 1299 1247 1366 ἔτι

230 1409 342 1474 ὲλτοιτο
360 1406 399 1496 τῇ
418 1403 483 1470 τῶν
500 1405 592 1470 θεῶν
610 1399 709 1496 ἀρετῇ
724 1397 902 1494 φρόνησιςς
925 1397 963 1468 οά
984 1400 1048 1492 γάρ
1063 1399 1124 1480 τὰς
1138 1397 1246 1479 ἀυτάς

230 1503 351 1598 ἀρετὰς
373 1502 444 1574 ὁῖόν
466 1531 498 1572 τε
523 1507 626 1591 λέγειν
647 1507 730 1572 έῖναι
756 1505 819 1573 τῶν
836 1529 871 1571 τε
897 1501 1087 1596 ἀνθρώπων
1107 1509 1163 1572 καὶ
1180 1505 1247 1571 τῶν

229 1611 349 1690 θεῶν,“
361 1604 436 1676 ὀύτε
456 1604 519 1698 ηάρ
542 1605 648 1686 ἀλλως
665 1604 796 1689 ἀληθὲς
816 1604 856 1673 τὸ
871 1605 931 1686 τάς
945 1609 1009 1675 666
1023 1609 1184 1675 τοσοῦτον
1198 1609 1245 1689 ¹⁰)

231 1707 382 1796 ἀλλήλων
399 1708 485 1777 κατά
499 1707 559 1794 τὴν
575 1705 676 1804 φύσιν
693 1706 874 1779 διεστώτων
888 1707 948 1789 τάς
965 1706 1069 1788 ἀυτάς
1085 1704 1246 1792 τελειότη-

230 1810 291 1893 τάς
317 1837 352 1882 τε
381 1818 444 1880 καὶΙ
459 1809 578 1902 ἀρετὰς
603 1817 728 1899 λέγειν·
761 1809 839 1909 οὗθ’
870 1817 902 1880 οἱ
929 1810 1011 1904 πρὸς
1036 1809 1143 1881 ἀυτῶν
1170 1806 1247 1904 περὶ

230 1913 340 1984 ἀυτῶν
365 1911 533 2006 λεγόμενοι
554 1911 664 2001 λόγου,
697 1912 774 1983 οάθ
798 1911 932 2002 ἐὺλογόν
953 1941 986 1982 τι
1010 1917 1052 1998 ¹¹)
1075 1911 1150 1982 ἐν’
1130 1919 1247 1994 αυτοῖς

231 2021 371 2108 ἔχουσιν.
410 2013 622 2109 Ἀνθρώπου
631 2014 702 2084 66‘
683 2046 704 2099 η
724 2013 890 2146 φρόνησις
901 2015 1018 2108 ἀρετὴ,
1042 2045 1061 2098 η
1077 2021 1181 2100 εστιν,
1204 2013 1248 2095 ὡς

231 2127 357 2242 φασὶν,
383 2117 554 2205 ἐπιστήμη
582 2123 740 2200 ποιητέων
772 2144 806 2186 τε
838 2125 893 2186 καὶ
929 2115 967 2185 οὐ
995 2124 1174 2214 ποιητέων,
1214 2121 1247 2188 ἐν
1281 2170 1284 2179 ·

231 2218 282 2301 ὃῖς
305 2219 369 2347 γὰρ
391 2217 462 2289 ὁῖόν
483 2247 517 2290 τε
542 2249 587 2310 μη
575 2218 843 2347 πραχθῆναί’
846 2220 877 2305 ²)
912 2249 945 2290 66
970 2228 1025 2306 καλ
1054 2223 1118 2290 τῶν
1149 2247 1247 2305 ποιη-

230 2327 328 2406 τέων,
350 2327 383 2391 ἐν
397 2319 528 2402 τούτοις
553 2321 574 2406 6
598 2325 662 2390 τῶν
678 2328 836 2406 ποιητέων
853 2331 909 2392 καὶ
931 2321 970 2394 οὐ
989 2329 1151 2407 ποιητέων
1176 2327 1247 2392 ἐπι·

231 2450 294 2508 στι
284 2453 340 2515 μη
359 2421 471 2552 χώραν
492 2426 565 2514 ἔχει.
604 2421 767 2494 Ἀλλά
727 2453 792 2515 μην
814 2424 945 2496 πάυτων
964 2431 1140 2516 γινομένων
1161 2432 1238 2495 καθ

233 2531 431 2652 έιμαρμένην
446 2524 642 2620 ἀχρηοτοςὴ
664 2531 782 2616 γνῶσις
796 2532 859 2598 τῶν
876 2534 1034 2616 ποιητέων
1052 2555 1086 2599 τε
1108 2535 1163 2597 καὶ
1184 2525 1247 2626 66·
1263 2601 1266 2604 ,

231 2633 264 2699 τί
281 2629 345 2723 γὰρ
366 2628 542 2724 ὄφελος
502 2657 559 2712 της
570 2627 695 2698 τοιαάτι
696 2659 724 2714 ης
696 2656 884 2718 μνωσεως
893 2659 963 2712 τοις
972 2659 1021 2722 μη
1008 2623 1113 2715 ηὸὲν
1089 2628 1248 2752 ωνπράτ

199 2777 201 2782 -
233 2757 330 2801 τουσι
349 2729 572 2826 φυλάξασθαι
596 2736 805 2822 δυναμένοιςς
822 2732 873 2800 Ἔι
898 2738 944 2802 δὲ·
920 2731 1098 2824 666666‘
1079 2763 1100 2820 η
1123 2731 1249 2807 τούτων

234 2832 396 2922 ἐπιστήμη
413 2831 592 2926 χρήσιμον,
614 2829 772 2927 ἀναιροῐέ
795 2833 837 2906 ἀν
858 2833 879 2922 6
899 2835 1074 2929 φρόνησις·
1097 2833 1140 2918 ὡς
1161 2841 1249 2906 ε’ῖναο

235 2933 298 3060 666
317 2931 528 3008 ἀκολουθίαν
550 2936 782 3031 ἀληθεστέραν
801 2937 877 3022 τὴν,
910 2943 937 3008 ἐν
955 2941 1044 3008 ἔστιν
1062 2943 1250 3032 ἑιμαρμένη,
1350 2947 1353 2952 ’

232 3037 278 3130 μὴ
306 3040 388 3107 εἰναι
412 3035 584 3162 φρόνησιν.
627 3036 764 3108 Καθ’“
745 3067 783 3108 ον
803 3040 867 3134 ηάρ
886 3038 1022 3128 66706‘
1005 3067 1024 3110 ο
1045 3039 1147 3131 νόμος
1169 3041 1251 3125 ἀνη

162 3196 174 3207 ,
234 3167 339 3236 ρειτο,
360 3145 507 3230 κειμένης
520 3145 579 3224 τῆς
593 3144 805 3268 έιμαρμένης,
824 3142 911 3214 κατά
926 3147 1044 3213 τοῦτον
1064 3141 1251 3237 ἀναιρεθη-

235 3269 328 3314 σεται
347 3250 402 3312 καὶ
421 3240 599 3339 φρόνησις,
620 3235 661 3328 ἧς
682 3243 918 3338 ἀναιρουμένης
935 3244 1071 3329 δῆλονε
1050 3275 1092 3327 ως
1108 3255 1164 3317 καὶ
1186 3251 1252 3318 τῶν

235 3343 380 3415 ἀλλων“’
362 3372 501 3416 εκοιοτον
520 3343 677 3439 ἀναιροῖτ
699 3344 740 3418 ἀν
761 3354 817 3416 και
839 3351 882 3431 ¹⁵)
904 3351 967 3418 τάν
988 3348 1074 3418 κατὰ
1090 3348 1150 3433 τὴν
1171 3347 1253 3421 ἀκο

235 3450 385 3518 λουθέαν
406 3447 467 3532 τὴν
488 3447 571 3541 πρὸς
592 3446 754 3544 φρόνησιν
775 3455 965 3540 τιθεμένων.

695 3558 785 3638 ΛΗ·
867 3568 869 3574 ’
1043 3599 1045 3604 ·

293 3646 368 3721 Ὅτι
381 3657 415 3721 δὲ
426 3660 508 3742 μηδὲ
526 3663 557 3725 οἱ
572 3661 606 3726 ἐκ
620 3660 679 3727 τοά
695 3627 859 3726 δεικνύναι
873 3657 933 3740 τὴν
946 3654 1026 3726 καθ’
1035 3654 1148 3750 ’ὁρμὴν
1162 3658 1253 3743 κίνη-

236 3781 289 3825 σιν
309 3761 378 3836 τοῖς
400 3751 495 3839 ζώοις
511 3765 675 3847 μένουσαν
692 3757 822 3830 πάντων
844 3766 1017 3848 γινομένων
1034 3757 1116 3828 καθ’
1137 3763 1252 3855 ἑιμαρ.

235 3865 333 3952 μένην
356 3855 496 3946 σώζουσι
522 3860 560 3930 τὸ
582 3859 631 3958 ἐφ’
657 3860 734 3956 ἡμῖν
759 3867 801 3944 (ἐκ.
826 3861 871 3954 μὴ
893 3859 1048 3950 βούλοιτό
1069 3887 1118 3948 τις
1137 3859 1251 3946 ἀτελῶς
