2790 4512
1070 349 1129 413 165

119 505 245 592 dinem,
281 513 335 580 aul
352 513 442 578 neos
461 499 609 580 credibile
629 527 676 578 est
694 515 747 580 vel
770 514 921 601 ignorare
944 537 1024 600 qnae
1046 539 1124 600 pro·
1206 533 1209 542 “

119 623 253 697 tlucant,
277 631 331 682 aut
348 626 495 702 tanquam
515 616 634 682 laboris
656 617 861 698 intolerantes
880 619 1045 705 negligere
1068 643 1124 686 eo-

121 747 190 788 rum
211 722 356 786 notitiam
378 741 415 784 ac
432 720 586 806 regimen.
631 723 714 784 Nam
734 734 847 806 putero
863 724 1008 788 Deorum
1030 725 1126 788 vitam

121 825 270 892 constitui
301 825 467 889 molestam
500 835 539 886 et.
555 825 775 909 negotiosam,
816 839 847 890 et
869 839 1034 909 expertem
1059 829 1124 891 eins

70 959 80 982 ι
123 951 186 992 non
203 927 357 994 sollicitae
371 926 603 1010 tranquillitatis
625 939 706 1010 quae
722 927 799 991 Deis
811 929 1001 1004 conveniat,
1026 931 1053 992 si
1068 948 1124 995 eos

122 1032 259 1096 dicamus
285 1053 393 1095 eruam
422 1051 536 1116 gerere
564 1051 671 1094 rerum
695 1030 951 1111 particularium,
989 1032 1022 1094 id
1044 1053 1123 1096 vero

124 1145 235 1199 cortun
258 1145 305 1197 cst
327 1134 381 1216 qui
399 1155 461 1198 non
479 1131 657 1218 intelligunt
672 1132 888 1196 excellentiam
904 1133 1039 1196 divinam
1057 1146 1123 1216 tum

122 1236 313 1323 cognitionis
337 1248 405 1298 tum
421 1235 581 1317 potentiae
603 1255 699 1318 supra
717 1247 868 1312 nostram,
891 1249 921 1299 et
937 1239 980 1300 ob
996 1236 1061 1299 eius
1077 1237 1124 1299 rel

120 1339 356 1425 ignorationem
374 1338 547 1403 volentium
573 1341 612 1401 ad
633 1343 776 1402 nostrum
799 1342 926 1403 modum
945 1343 1124 1422 expendere

122 1465 175 1507 res
198 1443 334 1519 divinas,
363 1454 396 1506 et
412 1453 554 1506 nostram
575 1442 775 1505 invalentiam
789 1442 821 1505 in
839 1443 926 1526 ipsos
949 1443 1124 1506 transferre

124 1547 233 1621 Deos;
256 1546 438 1630 quasivero
458 1545 560 1629 possit
580 1546 704 1629 quidem
726 1569 785 1609 rex
803 1557 961 1624 astrorum
983 1547 1033 1610 sol
1055 1563 1124 1610 orn·
1191 1619 1202 1638 Ι

124 1649 173 1713 nia
198 1651 290 1713 simul
316 1671 397 1734 quae
424 1631 457 1714 in
483 1637 610 1714 mumdo
639 1662 711 1712 sunt
734 1649 914 1725 illustrare,
952 1650 1014 1712 niel
1037 1650 1125 1714 forte

124 1753 278 1838 impingat
293 1753 327 1817 in
342 1753 444 1838 aliqua
462 1767 526 1818 nou
546 1753 695 1830 dilircida,
719 1756 775 1816 sed
790 1763 955 1836 conpacta
970 1765 1121 1834 corpora,

123 1857 438 1939 incorporearum
471 1857 524 1920 illa
557 1870 589 1920 et
613 1856 752 1920 materiei
774 1871 890 1938 expers
907 1855 1051 1920 Deorum
1073 1856 1124 1918 sis

124 1981 187 2023 non
209 1959 313 2042 possit
330 1971 391 2022 una
415 1961 480 2023 sine
502 1960 724 2042 impedimento
746 1959 865 2023 cunctis
884 1955 992 2022 adesse
1013 1961 1122 2034 rebus,

125 2085 194 2125 cnm
221 2062 373 2126 nullasu
400 2079 480 2148 quae
511 2063 539 2126 ei
564 2063 665 2145 possit
693 2065 843 2138 obstare,
882 2063 1010 2144 praeter
1031 2073 1125 2122 anan

125 2178 266 2230 nostram
282 2177 426 2228 naturam
442 2179 553 2248 parurn
572 2166 729 2229 idoneam.
757 2166 959 2248 Quanquam
982 2179 1020 2227 ne
1042 2177 1125 2228 orote

123 2268 273 2352 quidem,
309 2269 337 2332 si
357 2283 468 2332 verum
489 2268 578 2352 loqui
604 2269 751 2345 velimus,
785 2269 953 2350 impeditur
982 2270 1141 2331 Deorum·

125 2370 325 2454 providentia
344 2372 445 2434 autin
468 2371 650 2456 cognitione
668 2391 775 2434 rerum
795 2385 994 2447 nostrarum,
1019 2383 1071 2433 ant
1092 2371 1125 2432 in
1180 2377 1183 2385 '

125 2481 233 2538 aarum
259 2475 440 2552 curatione,
479 2477 534 2538 sed
562 2489 622 2538 uos
653 2475 713 2557 ipsi
734 2474 824 2558 paria
848 2475 984 2556 patimur
1015 2495 1052 2536 ac
1079 2474 1124 2536 illi

128 2577 182 2661 nni
217 2579 286 2642 sole
317 2577 441 2641 lucente
474 2585 526 2641 aut
555 2578 713 2641 dormiunt
739 2588 791 2640 ant
822 2577 970 2640 claudunt
998 2577 1124 2640 oculos.

127 2681 210 2743 Nam
233 2680 312 2742 sicut
339 2679 385 2744 illi
410 2683 516 2746 calore
542 2682 666 2765 qrridem
687 2677 836 2744 linuntur
857 2679 911 2762 q'ui
936 2698 951 2742 a
980 2679 1048 2743 sole
1071 2681 1126 2742 da-

125 2795 179 2845 tur
206 2769 323 2846 terram
354 2785 436 2846 hanc
468 2783 697 2860 habitantibus,
737 2784 770 2847 vi
801 2795 903 2846 autern
934 2779 1125 2846 illuminante

124 2897 224 2948 semet
250 2889 366 2950 orbant
395 2887 510 2950 dilectu
531 2887 690 2970 proprio,
728 2907 791 2950 non
815 2899 916 2950 autem
935 2887 997 2950 Dei
1022 2887 1127 2972 aliqua

127 2987 243 3050 invidia
265 2988 371 3052 radios
394 2991 433 3051 ab
462 2990 505 3053 eis
534 3005 610 3054 suos
643 2989 828 3065 avertentis,
867 2989 913 3052 sio
941 2999 973 3052 et
1000 2989 1053 3073 qui
1082 2995 1125 3054 oh

125 3111 260 3176 pravum
293 3090 377 3153 vitae
407 3113 505 3176 genus
535 3093 680 3155 dicuntur
711 3094 865 3157 excedere
894 3096 932 3156 de
954 3093 1015 3157 Dei
1047 3113 1125 3174 pro-

125 3191 283 3267 udentia,
317 3209 380 3256 non
403 3205 504 3257 tamen
529 3195 657 3260 omnino
680 3208 770 3259 extra
792 3209 859 3259 eam
881 3209 964 3259 sunt.
1022 3199 1125 3260 Nemo

126 3295 211 3358 onim
233 3305 299 3369 est,
328 3307 362 3357 nt
383 3299 500 3380 hospes
522 3296 572 3361 ille
595 3297 637 3362 ait
659 3299 876 3377 Atheniensis,
915 3300 966 3361 vel
988 3299 1031 3361 ita
1051 3321 1126 3380 par⁴

126 3415 206 3486 vus,
240 3395 331 3458 utin
358 3401 518 3480 prolundo
546 3412 650 3463 terrae
680 3404 870 3466 descendens
898 3404 996 3465 latere
1025 3402 1128 3485 possit

126 3497 348 3582 providentiae
370 3502 472 3564 omnia
494 3502 585 3564 etiam
610 3503 731 3566 minima
753 3505 955 3586 inspectanti3
990 3520 1042 3570 aut
1063 3511 1126 3573 lam

128 3615 279 3688 magnus,
315 3615 349 3665 ut
377 3621 470 3687 supra
499 3607 618 3669 caelum
643 3607 875 3690 volarepossit
897 3622 983 3672 etse
1005 3621 1132 3692 ponere

127 3719 218 3768 extra
241 3719 400 3790 regentem
424 3720 535 3770 concta
564 3709 812 3790 providentiam
851 3715 905 3774 sed
935 3731 1005 3776 cum
1034 3713 1125 3778 nobis

125 3811 165 3872 de
194 3831 253 3874 suo
276 3809 419 3872 Deorum
451 3821 622 3894 potestates
651 3816 734 3878 bona
761 3813 872 3900 largiri
900 3819 1040 3894 valcant,
1078 3817 1126 3880 his
1207 3827 1219 3858 ⁸
