2718 4506
348 512 457 556 verum
469 500 516 556 est
530 491 686 578 siguificat
699 513 851 575 praeesse
862 494 1060 562 morborum
1071 503 1260 572 curationi
1329 445 1335 588 1

303 605 306 614 ’
347 596 394 659 At
419 597 521 660 malim
548 597 692 679 equidem
721 595 1009 683 παρίστασθαιί..
1024 618 1055 660 e.
1080 617 1116 662 se
1137 603 1263 678 sistere,
1334 629 1335 652 ι

329 710 483 782 ,praesto
507 719 574 766 esse
596 699 666 762 scil.
689 695 931 774 somniantibus,
962 712 997 762 ut
1015 699 1207 782 respiciatur
1228 704 1264 764 ad

348 801 477 864 oracula
510 822 569 884 per
604 801 834 865 incubationem
878 802 917 864 ab
953 802 1149 887 Aesculapio
1196 806 1264 867 data
1335 786 1336 840 1

348 903 451 986 qualia
473 924 513 966 ex
538 904 669 970 Gruteri
694 923 834 986 corpore
863 904 1109 986 inscriptionum
1135 906 1264 991 collegit

348 1007 390 1070 F.
405 1006 450 1069 Α.
466 1007 571 1070 Wolf.
595 1008 641 1070 V.
665 1006 701 1069 S.
723 1006 755 1069 in
776 1007 801 1068 l.
823 1017 849 1068 t.
873 1009 1065 1073 vermiscbte
1089 1009 1264 1092 Seluuffteu

352 1110 424 1176 aud
440 1107 612 1189 Aufstttze.
633 1130 710 1194 pag.
734 1109 810 1171 tat.
833 1128 924 1192 seqq.
961 1107 1035 1187 (0.)

288 1214 320 1292 7)
348 1203 592 1278 ἐπίὃὶδωσιν
614 1204 762 1290 ἁυτὸν]
791 1211 925 1276 Aldinae
946 1209 1135 1279 ἐπιδίδωσιν
1156 1205 1264 1281 butor.

643 1427 731 1471 ΜΡ.
764 1430 886 1472 xxxm-

288 1576 320 1654 l)
350 1574 402 1668 τῷ
421 1569 474 1662 μὴ
496 1563 596 1655 πᾶν]
627 1561 676 1640 lta
692 1575 801 1640 Havn.
824 1587 856 1641 et
870 1574 978 1668 Casei·
999 1571 1038 1644 τὸ
1059 1571 1106 1664 μὴ
1127 1577 1197 1646 πᾶν
1210 1579 1274 1642 Al:

350 1679 441 1742 diuae
463 1690 494 1742 et
515 1681 624 1744 Lond.
648 1678 720 1760 (O.)
754 1681 817 1744 Sed
838 1701 879 1744 ex
899 1679 987 1743 tricis
1008 1679 1074 1743 istis
1098 1679 1192 1744 aliter
1213 1702 1265 1744 ex-

347 1782 467 1866 plicare
488 1802 537 1844 me
558 1802 705 1866 nequeo,
736 1782 795 1847 nisi
816 1794 886 1847 toto
909 1783 983 1846 loco
1005 1782 1049 1848 ita
1071 1783 1263 1848 constituto:

354 1882 401 1952 Τὸ
430 1887 466 1950 δὲ
494 1886 597 1968 λέγειν
625 1879 686 1972 οὐχ
713 1879 874 1971 ἡγεῖσθαι
901 1882 980 1963 τοὺς
1006 1879 1210 1978 ἡγρνμένονς
1236 1887 1268 1953 e’r

348 1988 395 2079 τῷ
416 1981 585 2068 σώζεσθαι
607 1983 666 2067 τὴν
687 1982 769 2055 καθ’
794 1983 897 2078 ὁρμὴν
918 1981 1268 2082 carcassonenses,

349 2087 412 2172 ἤδη
426 2083 597 2170 σώζεσθαι
613 2095 669 2156 καὶ
686 2085 724 2156 τὸ
743 2083 792 2184 ἐφ’
808 2085 901 2179 ἡμῖν,
924 2086 963 2158 τὸ
984 2086 1030 2177 μὴ
1044 2091 1113 2158 πᾶν
1132 2086 1171 2157 τὸ
1185 2087 1267 2158 καθ’

350 2189 456 2283 ὁρμὴν
469 2187 638 2279 γινόμενον
653 2193 703 2260 ἐπὶ
720 2197 790 2271 τοῖς
809 2187 953 2282 ὁρμῶσιν
963 2194 1047 2260 ἐῐναι
1060 2193 1083 2257 i.
1100 2214 1130 2257 e.
1170 2193 1273 2275 Quod

346 2306 461 2360 autem
481 2293 600 2360 dicunt
619 2295 822 2364 adversarii,
857 2317 917 2359 uos
945 2318 1053 2379 quum
1073 2315 1269 2362 censeamus

340 2375 388 2462 keo
416 2397 490 2477 ipso
519 2393 613 2477 quod
635 2404 784 2460 seruetur
804 2396 1009 2458 animalium
1030 2397 1126 2459 actio
1148 2415 1194 2461 ex
1213 2413 1271 2473 ap·

345 2496 452 2578 petitu
466 2492 641 2575 profecta,
661 2495 789 2559 servari
801 2515 938 2577 quoque
950 2503 981 2557 et
996 2492 1110 2558 adseri
1126 2491 1270 2556 liberam

347 2593 548 2673 arbitrium,
578 2613 646 2654 uon
668 2612 819 2672 censere,
846 2614 914 2656 uon
934 2591 971 2654 td
990 2613 1088 2656 omne
1109 2591 1207 2675 quod
1223 2611 1267 2654 ex

346 2695 502 2774 appetitu
511 2640 613 2766 fiol'
598 2693 872 2772 ruoppeteutium
892 2710 965 2755 esse
978 2699 1165 2771 potestate,
1186 2689 1268 2767 (sive

350 2795 437 2874 quod
463 2789 721 2875 negationibus
712 2790 845 2854 invicem
873 2812 907 2854 se
935 2789 1118 2854 tollentibus
1131 2791 1268 2855 tomissis

351 2897 391 2956 ad
404 2894 485 2956 idem
501 2892 624 2973 recidit)
648 2893 744 2979 qaod
762 2892 968 2957 contendunt
987 2911 1048 2954 uos
1069 2913 1115 2956 ex
1135 2897 1269 2958 ratione

266 3007 270 3021 '
346 3005 462 3058 nostru
483 2994 624 3058 absumis
644 3013 782 3076 prorsus
805 3013 935 3058 censere
962 2987 1002 3056 τὸ
1029 2991 1101 3074 πᾶν,
1114 2989 1165 3057 ’τὸ
1186 2997 1263 3059 καθ

350 3092 456 3186 ὁρμὴν
476 3089 645 3179 γινόμενον
665 3095 716 3158 ἐπὶ
737 3096 807 3168 τοῖς
829 3087 972 3180 ὁρμῶσιν
1001 3093 1105 3172 tiras,
1141 3095 1272 3178 quique

350 3207 387 3261 ut
408 3197 603 3262 senteutiam
634 3205 706 3257 tam
732 3191 920 3257 ridiculam
938 3193 1034 3257 uobis
1053 3195 1271 3276 captionum,

341 3306 538 3380 'sequentem
568 3295 747 3356 instituunt
777 3295 1131 3374 argumentationem,
1162 3312 1272 3355 nomae

347 3399 382 3458 iu
399 3397 450 3458 bis
465 3393 618 3457 omuibus
640 3392 756 3475 ignari
776 3401 976 3472 comparent
996 3401 1273 3473 carenacum

348 3514 436 3576 quae
458 3491 657 3573 disputant?
697 3492 812 3572 (cosp.
832 3490 936 3556 orell.
938 3495 951 3570 )

289 3621 367 3704 2)’
351 3621 509 3748 {9⁰1le
541 3621 574 3685 ἐι
610 3614 663 3706 μὴ
700 3611 907 3742 e're'pynppl
938 3641 978 3683 τι
1011 3610 1056 3681 τὸ
1086 3609 1154 3708 ἐφ
1174 3609 1273 3704 ἡμῖν

350 3704 479 3801 ἔστιν,
523 3726 591 3788 καὶ
628 3715 841 3806 λαβόντας
876 3719 940 3785 ἐπὶ
973 3711 1107 3812 τούτῳ
1141 3712 1273 3784 πάλιν

353 3824 532 3917 ἐρωτᾷν,
582 3824 616 3888 ἐι
651 3819 703 3910 μὴ
743 3822 820 3890 τῶν
855 3815 1148 3910 ἐνεργημάτων
1184 3817 1274 3898 etc}

354 3925 527 4012 Egregium
549 3927 629 3990 hanc
651 3927 815 3994 lectionem
831 3937 862 3992 et
876 3927 1125 4060 supplementum
1140 3923 1274 3994 lacunae
