2754 4510
1055 306 1117 372 265

117 475 174 558 17)
203 469 406 568 ἀναφορὰ
437 473 564 544 πᾶσιν
606 470 762 556 ἀστοῖς.
810 472 927 545 Ἔστι
958 476 999 542 δέ
1032 476 1118 556 ete-1

203 578 299 642 Mon.
327 572 348 660 ἡ
373 573 531 671 ἀναφορὰ
558 578 658 647 πᾶσιν
684 575 799 660 ιἰντοΐς
821 580 910 648 -ἰστι,
957 573 1056 646 Ἔστι
1083 578 1120 648 δὲ

203 691 265 745 ete.

119 783 176 866 18)
203 786 394 871 γένοιτο]
430 785 484 851 Sic
504 786 626 851 Euseb.
647 797 679 851 et
700 783 807 852 Casel.
829 784 953 871 γένοιτο
973 787 1083 850 Lond.

120 887 176 970 19)
200 881 322 954 ’θέτω
354 890 515 975 γίνεται
554 885 604 956 τά
636 914 678 956 τε
711 883 816 956 κατὰ
849 885 923 966 τὰς
956 891 1120 976 τέχνας]

204 990 258 1054 Sic
278 992 400 1055 Euseb.
427 991 505 1056 Ald.
529 994 560 1055 1.
587 1004 618 1057 et
639 994 748 1056 Lond.
788 993 835 1056 At
860 992 956 1056 Mon.
980 992 1058 1055 Ald.
1085 991 1119 1056 2.

204 1103 236 1157 el
260 1091 367 1159 Casel.
407 1087 455 1161 ‘0.
478 1122 509 1181 γ.
526 1091 571 1161 τὰ
592 1090 679 1161 κατὰ
701 1091 760 1172 τὰς
774 1098 895 1182 ’τέχνας
915 1095 1034 1158 omisso
1056 1115 1100 1162 re.

121 1195 178 1276 20)
205 1200 272 1262 καὶ
291 1200 494 1282 γίνεσθαι
514 1198 608 1286 μὲν]
646 1198 743 1263 Mon.
767 1202 823 1264 καὶ
844 1197 968 1283 γίνεται
984 1199 1052 1284 μέν.

122 1299 177 1380 21)
206 1293 252 1365 οὐ
274 1297 352 1387 μὴν
373 1300 444 1381 τῆς
464 1293 687 1383 ποιοῦσης]
723 1302 773 1366 Ita
795 1299 937 1366 Caselius
958 1301 1040 1364 bene
1057 1322 1120 1382 pro

205 1401 400 1487 reliquorum
420 1400 459 1471 οὗ
480 1407 550 1493 μέν.
591 1406 674 1469 Nam
690 1403 864 1488 praecessit
886 1408 943 1470 καὶ
963 1405 1139 1489 γίνεσθαι·

203 1511 265 1591 μέν
291 1504 378 1572 κατὰ
400 1502 493 1588 τάξιν
509 1503 600 1588 τινὰ,
629 1520 660 1572 et
688 1529 821 1591 sequens
846 1503 890 1572 τὰ
911 1508 946 1573 δέ
967 1499 1123 1595 γινόμενοι

205 1604 292 1674 κατὰ
315 1611 428 1696 τέχνην
444 1614 617 1695 respondet
633 1609 794 1694 prioribus
812 1609 859 1701 τῷ
880 1605 923 1676 τὰ
941 1616 1002 1696 μὲν
1024 1603 1123 1699 φύσει

205 1704 358 1797 γινόμενα
380 1725 442 1778 etc.
485 1715 559 1795 (Ο.)
959 1715 969 1742 ‘

120 1813 177 1896 22)
207 1814 281 1894 τῆς
303 1818 499 1900 γενέσεως
524 1813 656 1884 ἀντῶν
684 1811 705 1883 ὁ
733 1815 806 1882 τοῦ
833 1815 1058 1894 ποιοῦντος
1078 1811 1123 1898 ἡ-

207 1923 345 2002 γεῖται
372 1924 463 2011 περὶ
492 1914 628 1988 ἀντῶν
659 1914 883 2006 λογισμὸς]
926 1917 979 1981 Sic
1004 1918 1122 2001 optime
1248 2007 1249 2010 Ἴ

208 2020 316 2083 Havn.
339 2022 435 2086 Mon.
458 2035 489 2089 et
509 2026 619 2111 Ipond.
637 2019 745 2092 riveria
767 2022 827 2088 rori
847 2021 1021 2099 ποιοῦντος
1041 2022 1124 2108 γίνε-

207 2145 265 2188 ται
290 2134 353 2188 ete.
379 2121 538 2193 emissori
566 2128 700 2192 Α11.1.
730 2137 763 2190 et
787 2125 908 2190 Euseb.
930 2117 1044 2204 ἆυτοῖς
1064 2127 1124 2192 τοῦ

209 2227 385 2303 ποιοῦντος
421 2228 546 2314 γίνεται
582 2230 662 2294 Ald.
698 2229 731 2294 2.
767 2239 799 2292 et
831 2226 938 2293 Casel.
996 2226 1123 2311 Optime

210 2327 412 2393 Schultbessa
436 2329 495 2397 der
505 2330 654 2398 Geduirue
664 2332 720 2398 dee
734 2329 916 2395 ωἰιτιωιᾱειι
926 2330 1008 2412 gelet
1019 2330 1124 2396 flerem

207 2429 383 2498 Erdstelren
403 2432 456 2496 uls
476 2433 604 2497 unirer
622 2453 740 2504 νονστι.
772 2431 846 2514 (Ο.)
975 2494 979 2500 ,

104 2532 180 2613 ’23)
209 2533 351 2624 τρίτον
378 2533 421 2598 δέ
448 2533 565 2600 ἐστιν
596 2533 638 2601 έν
665 2539 756 2612 τοῖς
776 2530 893 2602 ἕνεκά
914 2561 986 2605 τον
1006 2561 1123 2622 γινο-

209 2635 373 2724 μένοις]
403 2634 456 2699 Sie
469 2636 590 2699 Euseb.
606 2646 638 2699 et
654 2637 750 2702 Mon.
774 2637 949 2704 verissime.
993 2641 1075 2704 Nam
1089 2639 1121 2704 in

209 2738 463 2804 antecedentibus
485 2740 686 2802 enumerabat
706 2739 890 2806 Alexander
915 2746 979 2808 duo
1006 2765 1123 2830 genera
1146 2807 1149 2814 .

209 2829 275 2910 τέω
300 2838 391 2920 τινὸς
415 2836 514 2932 χάριν
537 2845 713 2928 γινομένων
742 2843 813 2907 scil.
843 2841 884 2911 τὰ
911 2842 999 2914 κατὰ
1022 2842 1126 2941 φύσιν

208 2955 241 3009 et
272 2942 317 3012 τὰ
343 2942 431 3010 κατὰ
460 2939 560 3030 λόγον
587 2939 758 3032 γινόμενα,
800 2946 913 3032 quibus
948 2950 1010 3014 iam
1038 2949 1124 3013 addit

210 3059 359 3131 tanquam
382 3046 507 3110 tertium
530 3067 630 3132 genus
651 3043 693 3112 τόι
720 3042 787 3116 ἀπὸ
805 3046 902 3140 τύχης
929 3057 985 3119 καὶ
1006 3046 1125 3119 selvae·

208 3145 318 3238 μέσον
355 3149 513 3236 γίνεσθαι
550 3153 795 3240 πεπιστευμένα.
865 3155 975 3219 Lond.
1020 3153 1122 3217 Male.

206 3247 317 3320 Ἔστιν
344 3247 403 3320 ὀῦν
432 3257 510 3331 τοῖς.
561 3252 640 3319 Ald.
666 3255 698 3319 1.
728 3265 759 3320 et
784 3256 902 3342 Bagol.
949 3251 1063 3323 Ἔστιν
1091 3257 1125 3324 ἐν

212 3359 281 3436 τοῖς
301 3355 419 3422 omisso
443 3357 551 3446 τρίτον
572 3359 608 3424 δὲ
629 3356 763 3423 Aldinae
778 3359 809 3422 2.
833 3355 948 3425 Ἔστιν
961 3351 1021 3424 ὀῦν
1040 3364 1124 3438 τοῖς.

125 3561 182 3642 21)
209 3567 278 3629 καὶ
297 3553 590 3650 τᾶντομᾶτον]
628 3561 706 3626 Ald.
728 3562 761 3627 2.
783 3567 839 3632 τοι)
862 3555 929 3632 ἀπὸ
955 3558 1122 3651 τᾶντομα·

174 3725 177 3732 .
211 3689 281 3734 τον.
315 3665 388 3744 (Ο.)

125 3769 182 3850 25)
209 3769 553 3856 προηγουμένως]
597 3767 648 3832 Sir
675 3769 769 3834 Mon.
802 3771 922 3836 Euseb.
955 3781 985 3835 et
1011 3772 1120 3838 bend.

209 3875 468 3959 προηγουμένων.
512 3873 644 3939 Aldinae
667 3885 699 3938 et
721 3871 828 3940 carel.
853 3875 953 3942 Male.
