2754 4510
1065 374 1125 436 209

115 555 201 601 vero
229 531 261 595 in
288 553 345 594 sua
375 541 495 594 tantum
521 533 623 613 patria
651 533 851 616 proprioque
881 541 983 596 tractu
1007 535 1126 598 Persae

115 635 247 700 nefariis
270 655 305 698 se
332 634 448 716 nuptiis
470 635 648 716 implicant,
683 640 791 699 sedet
817 636 871 720 qui
898 657 1008 702 eorum
1034 649 1125 700 extra

112 739 281 804 Persidem
300 736 463 810 habitant,
495 735 702 818 dicurrturque
723 737 910 820 Magusaei,
936 743 1044 801 eadei'n
1066 761 1123 822 pa·
1192 733 1197 742 ”

112 850 200 903 trant
231 837 376 924 flagitia,
424 839 584 900 tradentes
625 839 700 901 istas
730 839 816 923 leges
859 852 953 924 atque
984 841 1125 906 instituta

113 943 254 1026 posteris
283 961 343 1024 per
376 963 504 1004 manus:
538 963 675 1023 quorum
701 943 793 1034 inulti
822 965 905 1009 nunc
934 955 1008 1006 sunt
1038 947 1124 1010 etin

111 1045 225 1109 Media
242 1058 275 1109 et
292 1045 324 1108 in
339 1045 494 1128 Aegypto
514 1055 546 1105 et
565 1043 596 1106 in
616 1045 759 1129 Phrygia
780 1057 810 1108 et
829 1045 966 1110 Galatia.
1011 1049 1124 1132 Neque

112 1159 219 1212 umen
243 1147 276 1211 in
294 1146 434 1212 omnium
452 1167 563 1210 eorum
587 1146 731 1230 genitura
753 1161 924 1230 conspecta
946 1159 993 1212 est
1011 1151 1123 1213 Venus

109 1251 145 1314 in
173 1250 289 1314 linibus
318 1261 350 1313 et
380 1249 544 1313 domiciliis
563 1249 717 1326 'Satiuni,
757 1250 926 1313 Saturnum
954 1252 1122 1316 comitante

110 1355 238 1418 Marte.
294 1353 394 1435 Apud
421 1352 566 1415 Gelonos
595 1361 664 1414 utos
693 1363 758 1429 est,
789 1365 828 1416 ut
850 1353 984 1418 feminae
1010 1367 1123 1441 agrum

111 1457 240 1534 colant,
264 1457 377 1519 domos
397 1453 571 1531 fabricent,
597 1455 764 1540 omniaque
786 1455 904 1520 faciant
924 1458 1066 1540 opificia,
1092 1482 1124 1534 et

112 1559 300 1644 qiubuscurn
325 1558 441 1634 velint,
480 1569 708 1634 consilescunt,
747 1559 885 1622 maribus
912 1562 951 1624 de
975 1584 1015 1625 eo
1043 1563 1123 1626 nihss

112 1661 400 1745 conquerentibus,
424 1659 468 1723 ita
484 1671 520 1722 ut
540 1661 627 1723 nulla
646 1659 688 1722 sit
709 1682 790 1742 quae
813 1675 948 1726 vocetur
966 1665 1120 1743 adultera,

110 1765 184 1830 ideo
215 1767 305 1848 quod
331 1785 439 1828 omnes
463 1763 525 1826 siut
554 1763 619 1825 eius
651 1777 819 1845 quaestam,
855 1775 887 1828 et
911 1769 1122 1831 concumbant
1163 1771 1165 1774 ’

110 1891 183 1932 enm
203 1867 368 1943 omnibus,
392 1866 527 1930 maxime
549 1887 620 1928 cum
642 1865 775 1930 exteris.
819 1869 934 1952 Neque
959 1889 1038 1933 vcro
1063 1893 1123 1932 un·

112 1983 236 2057 gimtur
256 1971 397 2033 Gelonae
422 1969 588 2044 mulieres,
611 1989 714 2052 neque
740 1981 844 2032 vestes
864 1971 973 2033 ferunt
993 1972 1120 2049 tinctas,

109 2077 167 2138 sed
188 2085 261 2137 sunt
280 2073 414 2155 pedibus
440 2075 565 2135 nudae:
604 2094 674 2134 cum
692 2085 795 2134 tamen
817 2073 879 2138 viri
903 2075 964 2137 illis
986 2075 1017 2137 in
1039 2075 1121 2140 locis

109 2189 269 2241 exornent
286 2197 320 2238 se
342 2175 534 2238 vestimentis
550 2175 689 2238 delicatis
710 2187 740 2238 et
759 2177 991 2255 discoloribus,
1017 2191 1048 2241 et
1066 2201 1122 2243 au-

108 2303 183 2343 rum
202 2289 348 2363 gestent,
384 2290 416 2340 ct
439 2289 600 2362 ungantur
620 2299 684 2341 non
711 2299 753 2340 cx
774 2281 838 2343 ulla
859 2281 1013 2356 mollitie3
1047 2294 1120 2346 sunt

110 2383 196 2447 enim
217 2382 336 2457 sortes,
373 2382 523 2464 belloque
548 2393 579 2442 et
608 2381 772 2443 venatibus
803 2382 946 2446 exerciti.
1006 2387 1119 2470 Neque

108 2497 214 2549 tamen
238 2505 347 2550 omnes
370 2485 515 2548 mulieres
541 2483 687 2570 Gelonae
708 2485 849 2547 habuere
867 2486 927 2548 sibi
959 2488 1122 2550 Venerem

110 2589 257 2653 infestam
274 2589 305 2650 in
325 2585 517 2668 Capricorni
543 2598 596 2649 aut
619 2587 754 2670 Aquarii
777 2587 901 2665 sidere,
941 2611 1044 2672 neque
1060 2590 1122 2653 viri

110 2713 223 2756 omnes
242 2693 421 2753 habuerunt
440 2712 510 2752 eum
526 2691 635 2752 Marte
654 2691 815 2752 Venerem
836 2690 868 2753 in
892 2691 1013 2769 Ariete,
1037 2695 1121 2755 unde
1145 2737 1148 2741 -

110 2795 202 2858 viros
224 2795 325 2858 fortes
349 2793 457 2880 simul,
501 2804 533 2856 et
555 2815 573 2854 a
595 2793 712 2855 deliciis
736 2814 800 2856 non
822 2793 940 2857 alienos
965 2796 1123 2857 deducunt

111 2895 277 2962 Chaldaei.
322 2897 422 2977 Apud
435 2895 621 2960 Bactrianos
642 2895 777 2959 feminae
800 2909 915 2959 ornatu
938 2888 1121 2982 qni⁸splen-

109 3001 287 3064 didissimus
311 3011 343 3061 et
364 2999 450 3062 omni
471 3010 634 3084 unguento
656 3009 806 3075 utuntur,
830 3002 1009 3085 habentque
1021 3001 1117 3064 mini·

108 3103 207 3167 steria
241 3103 419 3186 puellarum
455 3113 486 3166 et
523 3103 758 3165 adolescentum
790 3103 883 3185 plura
913 3127 1005 3188 qnam
1037 3103 1117 3181 viri,
1176 3147 1178 3152 .

108 3209 354 3290 proceduntqne
375 3217 485 3282 sectae
514 3205 602 3288 equis
638 3219 753 3289 magna
786 3227 855 3268 cum
891 3206 1118 3284 ostentatione,

109 3309 206 3376 etiam
235 3308 322 3392 equis
353 3307 497 3391 ipsorum
525 3307 644 3371 ornatis
675 3309 775 3372 multo
805 3330 883 3372 auro
912 3320 942 3371 et
964 3309 1131 3391 lapidibus.

109 3409 286 3496 pretiosis,
321 3433 419 3495 neque
443 3431 523 3474 vcro
546 3425 649 3473 castae
679 3423 768 3486 sunt,
807 3413 863 3474 sed
883 3412 1063 3492 prorniscue
1085 3435 1120 3476 se

110 3516 245 3600 vulgant
277 3513 368 3578 etiam
391 3514 491 3576 servis
522 3513 760 3608 et⁸pcrcgrinis
788 3515 913 3577 licentia
940 3515 1016 3598 ipsis
1033 3538 1119 3578 con·

110 3639 221 3694 cessa,
262 3617 346 3681 nulla
376 3639 446 3679 cum
476 3617 606 3699 quercla
628 3616 832 3692 maritorum,
871 3617 902 3680 in
925 3639 1006 3701 quos
1030 3620 1119 3702 quasi

110 3719 306 3784 dominatum
338 3730 500 3782 exercent.
559 3719 673 3803 Neque
695 3731 798 3781 tamen
826 3719 857 3782 in
881 3721 1026 3804 genitura
1048 3744 1117 3785 om-

112 3821 197 3886 nium
220 3821 386 3884 mulierum
407 3822 645 3890 Bactrianarmn
675 3821 754 3884 caeli
783 3822 907 3886 eulmen
934 3836 1020 3888 tenet
1049 3847 1120 3889 caim

111 3927 196 3992 love
217 3945 256 3990 ae
277 3925 407 4000 Marte,
442 3935 474 3986 et
503 3923 628 4008 quidem
656 3924 739 3988 iutra
768 3927 987 3991 eorumdum
1016 3949 1121 3994 amaus

796 4031 835 4094 ll
