2790 4512
259 297 321 365 170

254 465 551 559 γιγνώσκεσθαι’
532 472 642 539 αυτών
670 468 729 552 τὴν
759 472 907 558 ἔκβασιν
963 473 1104 540 Μᾶλλον
1126 469 1192 594 γὰρ
1220 462 1262 556 ἦν

217 661 222 674 x
256 573 341 658 ἐικός
368 567 410 642 τέι
438 569 531 642 ἀίδια
560 575 623 642 τών
645 570 844 667 πραγμάτων
866 573 1138 667 περιορᾶσθαι
1122 603 1188 644 υπ
1198 573 1259 646 σἰυ-

256 681 338 760 τών,
356 677 461 800 ἔρημοι
485 678 543 759 τῆς
569 668 852 766 ἐπιβαλλούσης
832 685 945 758 αυτοῖς
969 682 1143 768 προνοίας,
1173 677 1214 764 ἢ
1216 677 1259 748 τὰ

256 781 393 874 ῥευστὴν
414 781 530 870 ἔχοντα
551 776 670 874 φύσιν,
692 781 778 872 ἐίπερ
805 783 909 850 ἐκεῖνα
932 780 1032 868 μέν’
1012 781 1079 852 αιτό
1100 786 1157 868 τῆς
1183 787 1259 852 ἐαυ-

206 957 210 966 ,
255 888 320 956 τών
341 880 469 978 φύσεως
491 882 529 950 τό
555 880 732 976 ὡρισμένον
754 885 835 973 ἔχει,
861 892 917 953 καί
938 882 1115 981 ι’ίτρεπτσν,
1134 882 1259 974 τοιαυ-

256 1013 315 1072 την
332 993 464 1062 θέοθευ
482 985 541 1070 τὴν
562 983 744 1056 ὑπόστασιν
759 985 934 1078 εἰληχότα,
956 989 998 1068 τόι
1019 994 1054 1060 δὲ
1074 993 1106 1058 ἐν
1127 994 1260 1077 γενέσει,

255 1089 313 1161 διὰ
328 1089 366 1160 τὸ
380 1089 520 1182 ῥευστὸν
541 1092 599 1173 τῆς
614 1086 741 1170 ὀἰκείας
763 1083 859 1175 όλης,
891 1095 924 1158 ἐν
943 1094 1138 1214 παντοδαπῇ
1157 1117 1259 1182 μετοι-

253 1196 336 1290 βολῇ
358 1198 529 1290 φέρεσθαι
548 1189 741 1288 πεφυκότα,
767 1192 832 1264 οὐτ’
853 1198 936 1264 ε’ῑναι
960 1193 1035 1264 ὀότε
1055 1201 1259 1286 συνέχεσθαι

256 1304 311 1366 καί
340 1300 602 1384 διακοσμεῖσθαι
629 1294 786 1379 δυνατόν,
820 1294 866 1386 μὴ
893 1301 1016 1382 πολλῆς
1034 1295 1179 1386 τυχόντα
1202 1300 1259 1381 τῆς

255 1405 319 1472 τών
339 1398 389 1470 ἀεὶ
404 1395 560 1480 ώςιιότως
579 1395 727 1489 ἐχόντων
721 1404 966 1519 δημιουργικῆς
986 1408 1105 1468 τεκαὶ
1102 1427 1259 1496 προνοη·

162 1563 165 1571 .
185 1525 188 1534 ·
255 1507 346 1588 τικῆς
358 1500 475 1614 ,σἰιτίυις
486 1555 497 1586 ‚
517 1498 555 1570 οὐ
576 1498 679 1588 μόνον
697 1505 754 1586 τῆς
775 1497 971 1608 όλικωτέρας
985 1511 1040 1572 καὶ
1055 1505 1107 1586 ἐξη
1089 1509 1267 1598 ηρημένης,Ι

253 1607 341 1678 ἀλλὰ
359 1607 420 1676 καί
435 1603 523 1686 τινός
547 1611 765 1699 μερικωτὲρας
784 1609 839 1675 καί
856 1611 1124 1702 προςεχεστέραςῖ
1154 1600 1259 1700 ώςιιερ

256 1717 312 1782 καί
329 1712 393 1779 τών
410 1705 610 1835 ὄινθρώπριυ
617 1708 694 1790 τοὺς
706 1705 863 1792 παῖδας
846 1713 974 1798 ορῶμεν
984 1712 1133 1790 πλείονος
1147 1713 1261 1800 δεομέ-

254 1842 331 1936 νορς
347 1810 564 1904 επιμελειας
541 1841 563 1897 η
582 1811 658 1894 τοὺς
672 1809 823 1907 ἄνδρας,
833 1811 980 1898 καὶτοὺς
998 1809 1160 1898 ἀνοήτους
1176 1811 1259 1907 ἤπερ

254 1916 332 2000 τοὺς
347 1918 528 2044 ε”μφρονρις
566 1913 616 1984 Ει
638 1920 674 1986 δ
659 1912 911 2036 ἑγιγώσκουσιν
936 1921 969 1986 οί
996 1922 1077 1986 θεοὶ
1104 1914 1148 1986 τοί
1173 1920 1259 2018 ἐνδε-

205 2015 207 2020 ’
253 2018 375 2112 χόμενοι
393 2027 448 2088 καὶ
465 2015 648 2139 ὡρισμένως
663 2015 878 2104 γινώσκουσιν
892 2015 1012 2104 slva
970 2047 1034 2106 μη,
1056 2012 1135 2146 ὅπερ
1151 2005 1259 2107 ἐλίγο-

253 2146 328 2245 μεν,
358 2118 516 2214 ἀόριστον
540 2119 647 2188 ἀυτῶν
663 2123 805 2210 ποιῶμεν
826 2120 885 2204 τὴν
909 2123 1061 2242 γνῶσιν)
1069 2129 1126 2191 καὶ
1147 2127 1260 2192 ἴσασιν

254 2219 308 2297 ότι
324 2221 433 2316 μόνον
444 2221 482 2302 τὸ
507 2219 634 2306 ξύλινον
652 2229 755 2313 τεῖχος
773 2221 871 2294 σώσει
891 2222 963 2304 τὰς
964 2221 1156 2308 Ἀθήνας’
1140 2251 1174 2294 εκ
1195 2228 1260 2294 τῶν

251 2329 466 2423 βαρβαρικῶν
486 2323 663 2412 κινδύνων,
684 2333 738 2395 καί
758 2323 777 2410 ἡ
799 2333 882 2398 θεῖα
901 2330 1060 2449 Σαλαμίς
1077 2326 1198 2396 σἰπολεῑ
1218 2327 1260 2398 τόι

253 2439 349 2503 τέκνα
371 2435 434 2501 τών
454 2433 632 2518 γυναικών,
656 2435 714 2498 καί
737 2453 761 2498 ο
744 2425 979 2557 Κρρῐσος.
945 2457 1008 2498 τοο
1010 2422 1114 2512 Ἀλυν
1136 2429 1260 2518 διαβὰς

252 2533 396 2629 μεγάλην
426 2532 529 2624 ἀρχὴν
561 2529 755 2613 καταλύσει,
794 2559 849 2600 και
880 2528 898 2599 ὁ
926 2530 1035 2614 Λάϊος
1062 2538 1258 2602 τεκνοποιών

254 2640 357 2734 ἄρδην
380 2637 560 2732 ἀνατρέψει
581 2640 691 2706 πείσειν
713 2633 816 2704 ἀστοῦ
838 2633 896 2718 την
925 2632 1047 2718 οἰκίαν,
1082 2638 1182 2718 δῆλον
1205 2629 1259 2704 ότι

254 2744 313 2832 οὐχ
335 2740 440 2812 όίόντε
465 2745 570 2824 ταῦτα
591 2738 635 2829 μὴ
658 2740 838 2826 ἐκβαίνειν,
866 2741 894 2804 ἐι
916 2742 951 2806 δε
971 2737 1036 2826 μὴ,
1064 2735 1258 2833 ψεύδεσθαι

255 2843 376 2926 ἆυτοίις
407 2843 598 2932 ἀναγκαῖον.
663 2847 762 2912 Λυοῖν
795 2839 853 2912 όῦυ
884 2839 1048 2932 θάτερον,
1092 2842 1114 2924 ἢ
1148 2839 1258 2912 πόντιε

255 2948 455 3037 ἀναγκαίως,
487 2955 543 3015 καὶ
571 2943 614 3026 ώς
642 2945 728 3027 ἐικός
748 2942 813 3014 ὑπὸ
835 2948 903 3014 τών.
920 2948 1012 3014 θεῶν
1033 2943 1259 3033 γινώσκεσθαι

254 3080 288 3122 τε
310 3059 371 3123 καί
386 3055 629 3139 προλέγεσθαι,
659 3047 809 3144 φήσομεν
832 3051 1007 3136 ἐκβαίνειν,
1036 3055 1090 3116 καὶ
1113 3047 1152 3116 τὸ
1174 3051 1258 3118 ἐνδε-

251 3155 390 3246 χόμενον
410 3151 516 3242 ὄνομα
538 3152 632 3220 ἔσται
662 3149 754 3220 κενόν
781 3154 843 3234 ¹⁰),
878 3149 900 3236 ἢ
927 3147 1002 3221 όότε
1029 3148 1257 3240 γινώσκεσθαι

252 3258 316 3329 ὑπό
339 3261 401 3346 τών
431 3258 539 3338 θεῶν,
571 3252 645 3325 όότε
672 3260 896 3344 προνοεῖσθαι
924 3253 966 3322 τό
993 3258 1067 3349 τῇδε
1097 3248 1256 3347 φήσομεν.

248 3360 353 3434 Ἀλλὰ
373 3360 438 3452 μὴν
458 3362 556 3430 τοῦτο
578 3353 758 3429 ἆδόνοιτον·
781 3354 905 3448 ὀίχεται
928 3353 1024 3449 [ἄρα]
1047 3359 1088 3440 ¹¹)
1111 3355 1148 3425 τό
1171 3360 1257 3426 ἐιδε·

252 3464 399 3556 χόμευον.
1229 3491 1233 3496 ·

482 3627 485 3634 .
736 3592 766 3644 ς.
795 3651 800 3666 Ι

314 3661 407 3765 Πρός
429 3673 546 3742 τοῦτον
568 3669 626 3738 όῦν
647 3667 705 3736 τόν
725 3664 824 3756 λόγον
838 3666 1127 3753 δυςαντίβλεπτον,
1149 3659 1254 3759 ώςπερ

252 3782 400 3864 ἐλέγομεν
432 3773 513 3843 ὄντα
540 3781 596 3842 καί
624 3769 674 3842 ὑπ’
703 3770 803 3856 ιἰυτης
826 3774 986 3842 δοκοῦντα
1009 3774 1066 3854 τῆς
1088 3774 1256 3864 ἐναργείας

252 3877 496 3972 κρατύνεσθαι,
533 3875 576 3960 ώξ
598 3881 634 3946 αἱ
654 3878 718 3946 τών
738 3878 897 3966 μαντειῶν
917 3872 1115 3968 προρρήσεις
1138 3878 1255 3960 δηλοῦ-
