2754 4510
962 349 1005 373 ..
1057 287 1253 390 ω’,

110 468 286 556 umbus,
321 487 397 556 ant,
435 478 476 541 ab
503 475 622 542 iniustis
655 475 771 559 nuptiis
797 478 954 544 abstinere
985 483 1115 562 Persas,

111 607 217 672 neque
238 584 338 648 Indos
365 580 417 644 nri
436 579 609 664 probibet,
645 592 699 642 aut
721 601 739 642 a
760 582 890 645 canibus
912 584 962 650 edi
984 586 1114 664 Medos,

112 701 168 754 ant
189 686 294 751 multis
317 683 523 748 matrimoniis
544 682 633 768 iungi
655 683 816 761 Parthos,
852 697 905 748 aut
926 699 1026 752 castas
1048 709 1118 753 esse

112 788 372 872 Mesopotamiae
403 787 556 864 senunas,
595 797 648 849 aut
675 788 818 851 Graecos
854 790 997 853 exerceri
1027 793 1119 856 nudis

113 893 331 977 corporibus,
377 902 431 953 ant
458 891 624 954 Romanos
655 889 828 972 imperare,
872 904 925 954 aut
953 894 1124 958 Gallorum

113 998 244 1066 invenes
266 998 406 1071 nubere,
444 1014 546 1078 neque
562 995 720 1071 'barbaras
743 1006 852 1078 gentes
868 995 970 1080 adigit
991 997 1120 1078 partici-

114 1123 192 1186 pare
214 1103 433 1173 Graecorum,
456 1107 492 1158 ut
513 1096 690 1180 loquimur,
716 1099 840 1161 Musas.
886 1099 966 1176 Sed,
990 1111 1026 1162 ut
1041 1100 1118 1177 dixi,

116 1225 196 1292 gens
218 1221 362 1287 quaeque
384 1212 415 1263 et
435 1199 597 1263 hominnm
619 1199 753 1284 quisque
775 1202 873 1264 utitur
894 1224 951 1265 sua
975 1202 1120 1266 libertate

118 1319 154 1372 nt
174 1308 245 1371 vult
266 1317 298 1368 et
319 1305 446 1389 wando
468 1303 559 1379 vult,
594 1304 756 1388 servitque
785 1303 901 1390 origini
930 1316 961 1368 et
988 1318 1120 1370 naturae

116 1431 291 1498 perquam
312 1427 409 1470 carne
432 1417 479 1470 est
501 1405 729 1483 circumdatus,
763 1408 877 1489 partim
906 1409 1018 1471 volens
1045 1431 1135 1491 par··

117 1515 175 1580 tim
206 1533 267 1578 nec
294 1511 421 1574 volens.
479 1509 608 1592 Ubique
636 1509 718 1571 enim
749 1510 895 1574 locorum
923 1523 955 1573 et
981 1511 1123 1576 inomni

119 1629 214 1705 gente
235 1627 308 1680 sunt
330 1614 461 1688 divites,
486 1622 559 1674 sunt
579 1633 754 1694 pauperes,
785 1625 857 1675 suut
879 1613 933 1696 qui
954 1614 1121 1697 imperant,

119 1731 193 1786 samt
214 1718 270 1802 qui
289 1727 419 1800 parent,
457 1727 529 1780 sunt
562 1717 643 1778 bene
676 1716 838 1794 valentes,
874 1729 946 1778 sunt
978 1719 1123 1803 aegroti,

118 1824 255 1910 quisque
276 1841 347 1914 pro¹
362 1831 449 1884 ortus
473 1819 522 1882 sui
543 1831 643 1882 sorte.
688 1819 796 1897 Haec,
819 1821 1019 1896 Bardesane,
1057 1819 1124 1884 dixi

119 1950 205 2014 ego,
231 1924 324 1988 valde
346 1942 380 1985 se
400 1923 493 1986 nobis
507 1913 719 2004 persuadent.¹
753 1923 877 1985 Verum
900 1921 985 1985 aiunt
1006 1912 1136 1986 Asu-0}

120 2028 226 2105 nomi,
260 2038 379 2090 terram
408 2045 532 2088 omnem
562 2024 659 2088 dividi
678 2024 710 2088 in
731 2035 850 2088 tractus
872 2037 1017 2108 septem:
1053 2025 1123 2088 uni-

121 2133 235 2216 cuique
258 2141 362 2194 autem
383 2129 499 2191 tractui
519 2149 667 2211 praeesse
694 2150 788 2192 unam
817 2133 855 2193 de
884 2129 975 2216 vagis
1005 2129 1122 2195 stellis:

122 2257 225 2320 neque
259 2253 339 2296 vero
367 2231 510 2295 homines
542 2231 630 2314 ipsos
659 2231 720 2294 sibi
747 2234 853 2318 legum
882 2234 1011 2297 istarum
1034 2233 1125 2296 diffe-

121 2338 258 2402 rentium
288 2335 385 2400 fuisse
417 2346 581 2409 auctores,
620 2337 675 2397 sed
704 2335 736 2399 in
765 2357 893 2420 quoque
921 2349 1025 2400 tractu
1045 2358 1125 2420 pro⁶

121 2442 243 2526 pellere
275 2437 439 2526 arbitrium
465 2437 626 2522 regnantis
652 2437 696 2501 ibi
727 2438 861 2522 sideris,
899 2439 993 2523 idque
1022 2439 1125 2522 ipsum

122 2566 184 2630 pro
206 2545 281 2629 lege
301 2541 413 2604 baberi
441 2563 459 2603 a
486 2525 617 2604 subditis
645 2539 720 2623 ipsis
749 2542 890 2624 populis.
935 2543 981 2606 At
1004 2543 1126 2606 Bardo·
1187 2568 1193 2582 ·

122 2669 233 2714 sana:
272 2648 348 2710 Non
378 2645 410 2707 id
438 2647 525 2727 quod
553 2665 664 2707 verum
693 2655 741 2707 est
768 2645 800 2708 in
822 2645 972 2708 sehabet
993 2645 1126 2708 istare-

123 2751 275 2835 sponsio,
306 2747 469 2829 Pbilippe.
514 2746 585 2810 Etsi
607 2747 687 2810 enim
709 2759 865 2816 terrarum
888 2747 975 2811 orbis
996 2748 1028 2810 in
1050 2769 1129 2830 par-·

124 2865 171 2918 tes
201 2853 359 2918 dividatur
386 2863 528 2932 septem,
572 2862 675 2912 tamen
707 2851 739 2914 in
771 2874 833 2914 una
864 2863 956 2934 parte
985 2852 1138 2914 videmus

124 2957 238 3021 multas
265 2957 372 3040 legum
406 2953 608 3018 differentias.
658 2955 771 3038 Neque
799 2954 881 3019 enim
909 2967 1029 3039 septem
1056 2967 1126 3018 tau-

124 3061 290 3124 tummodo
319 3059 407 3142 leges
436 3067 525 3132 sunt,
563 3068 598 3118 ut
620 3069 738 3138 septem
761 3058 886 3137 sidera,
923 3079 1024 3142 neque
1047 3061 1127 3121 duo-

125 3162 245 3238 decim,
281 3173 361 3244 quot
385 3171 459 3224 suut
480 3159 571 3244 signa
597 3159 628 3222 in
655 3159 832 3245 signiferos
869 3183 972 3246 neque
998 3159 1128 3245 triginta

125 3287 203 3340 sex,
234 3284 295 3346 pro
316 3263 413 3348 signis
439 3261 595 3339 Decanis,
625 3265 680 3326 scd
701 3264 892 3328 innumerae.
944 3263 1139 3327 Meminisse

127 3381 234 3432 autem
257 3366 375 3430 debetis
400 3367 465 3430 eius
496 3367 585 3448 quod
610 3377 681 3429 ante
706 3365 788 3442 dixi,
826 3367 858 3431 in
885 3387 947 3429 una
974 3376 1065 3448 parte
1091 3387 1128 3430 ae

126 3481 233 3536 tractu
259 3469 409 3532 Indorum
435 3471 515 3534 alios
541 3487 609 3531 esse
626 3469 745 3546 ludos,
776 3469 831 3554 qui
850 3470 1011 3532 bominum
1033 3489 1127 3533 carne

128 3583 314 3650 vescantur,
338 3572 417 3638 alios
434 3571 489 3657 qui
506 3572 546 3636 ab
565 3570 648 3633 omni
670 3593 762 3635 earne
785 3571 975 3648 abstineant,
1000 3583 1031 3636 et
1054 3573 1128 3638 Ma-

128 3697 265 3764 gusaeos
297 3697 360 3741 non
392 3677 423 3740 in
453 3673 585 3740 Perside
614 3674 682 3738 sola
709 3674 787 3736 filias
820 3673 879 3738 sibi
909 3674 1017 3738 facere
1045 3697 1129 3742 uxo-

128 3799 199 3856 res,
235 3779 343 3844 sedin
366 3797 552 3862 quaeroque
575 3791 670 3862 gente
691 3777 849 3852 habitent,
875 3781 1047 3842 observare
1071 3799 1128 3844 eos

128 3881 283 3948 maiorum
305 3883 392 3968 leges
414 3893 444 3946 et
466 3877 552 3944 initia
575 3875 725 3961 Mystico.
772 3878 834 3944 Sed
857 3891 887 3944 rt
910 3883 1020 3946 medeas
1041 3903 1129 3946 eom·
