2754 4510
1076 327 1137 394 285

133 490 207 552 ditm
232 485 363 570 punitur
396 497 428 549 et
459 505 577 569 poenas
611 489 682 567 dat,
718 489 868 556 liberatus
901 515 919 556 a
948 494 1135 576 vitiositate,

135 591 268 660 seluta
301 567 448 672 coiporis
474 592 590 658 morbo
608 593 824 658 mordentibus
856 597 994 663 solemus
1031 612 1063 664 et
1089 602 1138 665 in·

136 693 236 780 gratis
254 694 506 773 medicamentis,
537 695 640 778 possit
663 696 785 761 felicius
812 721 926 784 agere,
957 714 989 765 et
1008 701 1138 767 liberta*-

135 807 233 860 tatem
252 819 324 860 cum
342 797 495 860 servitute
517 811 727 877 commutare,
751 804 839 884 (prod
855 802 961 867 mitior
980 808 1139 872 correctio

137 911 275 984 propter
310 899 506 964 vitiosiorem
540 902 679 966 habitum
716 905 839 988 assequi
875 928 940 970 non
971 908 1141 990 potuisset.

137 1005 182 1068 Ut
217 1005 299 1068 adeo
330 1003 407 1066 nihil
435 1004 535 1083 absit,
574 1027 638 1090 quo
674 1006 773 1071 minus
810 1009 899 1086 mali,
951 1022 1021 1073 utut
1048 1011 1139 1076 inviti

134 1107 210 1171 mali
238 1108 327 1183 sint,¹
353 1108 553 1172 nihilominus
581 1109 771 1191 puniantur,
810 1111 962 1195 siqnidem
989 1133 1054 1177 non
1084 1136 1138 1178 au·

136 1221 258 1295 gentem
288 1210 397 1290 malis,
447 1214 504 1275 sed
534 1212 695 1276 utilitatem
729 1213 856 1297 capiunt
894 1237 935 1279 ex
969 1217 1138 1299 supplicio.

136 1315 213 1377 Hac
233 1334 313 1400 ergo
331 1313 454 1378 ratione
476 1328 548 1378 sunt
568 1316 640 1394 Dii,
674 1317 735 1380 hac
755 1318 926 1401 provident
946 1321 1136 1398 hominibus,

137 1419 200 1480 hac
222 1417 295 1480 mali
313 1437 407 1482 causa
427 1439 494 1482 non
514 1432 604 1497 sunt,
641 1421 702 1484 hac
722 1421 856 1506 denique
874 1423 944 1487 sato
964 1422 1137 1488 inevitabili

137 1523 228 1604 qnod
251 1521 403 1603 optimum
426 1533 474 1584 est
494 1521 605 1605 cuique
634 1524 788 1589 tribuunt.
832 1526 939 1606 Quare
960 1539 995 1590 ut
1016 1526 1157 1592 modice

138 1624 260 1689 dictum
279 1623 336 1701 sit,
361 1623 422 1688 iam
445 1625 519 1718 satis
542 1626 657 1692 dicum
680 1640 762 1692 esto.

521 1939 753 1984 ...A-..-

140 2261 367 2340 cnssnnio
391 2273 678 2342 cnnuiunms
706 2276 823 2362 vneo
853 2238 1164 2344 nocntsmmo'

225 2415 544 2484 enncnrnoul
572 2417 660 2482 sno
691 2417 903 2484 cuoncno
930 2418 1139 2484 snmsno

227 2557 263 2620 s.
286 2557 331 2624 n.

542 2731 597 2784 De
628 2731 743 2784 Fato.

202 2859 327 2923 Verum
349 2859 430 2924 enim
458 2879 538 2924 vero
566 2858 649 2922 inter
671 2858 890 2944 pervulgatam
917 2879 1045 2943 quoqne
1067 2879 1138 2923 sen-

138 2961 267 3026 tentiam
284 2963 323 3026 de
338 2963 421 3027 Fato
439 2973 470 3027 et
481 2962 664 3026 necessitate
686 2962 877 3047 distinguere
898 2962 1044 3026 videntur
1060 2962 1140 3024 Sim-

140 3065 253 3147 plicius
276 3077 308 3127 et
335 3065 597 3147 Olympiodorus.
642 3065 705 3129 Hic
729 3066 854 3150 quidem
879 3065 911 3128 in
932 3065 1142 3129 Animadver-

140 3168 283 3231 sionibus
304 3168 339 3230 in
359 3167 567 3233 Euchiridion
593 3168 748 3250 Epicteti,
789 3181 953 3234 aversatur
976 3187 1051 3243 eos,
1080 3167 1142 3249 ¹qui

142 3271 320 3334 necessitati
342 3272 446 3336 omnia
467 3271 665 3348 devinciunt,
688 3285 720 3336 ct
741 3271 933 3359 argumentis
952 3289 1063 3332 eornm
1086 3289 1144 3331 ex-

141 3373 254 3456 positis
286 3386 380 3458 atque
400 3374 519 3438 eversis
546 3374 616 3457 ipse
641 3376 776 3440 ostendit
803 3387 834 3438 et
860 3370 1035 3450 concludit,
1074 3371 1146 3454 cpi-

142 3477 270 3540 nio'nem
288 3489 319 3539 et
336 3477 522 3544 desiderium
540 3477 679 3554 annuae,
704 3500 742 3541 ac
758 3477 789 3540 in
812 3476 992 3540 tmiversum
1015 3475 1148 3538 electio-

140 3601 212 3643 nem
241 3599 279 3642 ac
306 3581 506 3664 propositum
531 3581 600 3644 else
625 3579 658 3643 in
679 3580 812 3644 arbitrio
833 3569 985 3655 hominis,
1025 3599 1144 3662 nequis·

141 3703 236 3766 qumn
260 3703 340 3749 vero
357 3697 481 3748 coacta.
526 3683 638 3764 Aliter}
653 3683 734 3747 enim
751 3703 790 3746 ne
804 3692 924 3747 motum
940 3681 1063 3772 quidem
1079 3681 1146 3744 eius

140 3797 349 3866 spontaneum
384 3807 479 3872 posse
519 3785 659 3864 servari,
708 3784 782 3870 qttin
813 3805 853 3850 nc
889 3784 990 3868 ipsam
1020 3783 1147 3868 quidem

142 3887 327 3968 essentiam
370 3893 425 3958 sed
457 3891 585 3958 simulac
617 3889 768 3956 tollantur
800 3909 858 3973 ea,
905 3909 985 3978 quae
1017 3887 1079 3954 sint
1112 3885 1146 3954 in
