2718 4506
1059 331 1120 395 stt

203 491 357 586 ἅιοχρὸν,
377 498 557 581 μᾶλλονδὲ
579 493 773 586 παράνομον
795 493 1045 584 νενόμισται-τὸ
1067 497 1124 577 τῆς

201 595 451 689 ἆρῥενομιξίας·
474 597 567 686 παρὰ
580 603 763 688 Γερμανοῖς
783 602 837 680 δὲ,
859 591 901 678 ὥς
917 623 1042 694 (μασιν,
1064 597 1123 666 οὐκ

202 698 358 794 ἆιοχρίιν,
378 697 448 768 ἀλλ’
473 697 518 780 ὠς
539 705 573 770 ἓν
593 727 626 768 τι
648 704 711 770 τῶν
733 696 901 782 συνήθων.
944 703 1017 782 (Ο.)

116 807 173 888 ts)
202 802 389 883 καὶτοὺς
414 813 488 891 μέν
514 807 790 892 γεννομὲνονς
817 801 999 894 ι’ίρῥενας
1029 805 1123 896 ῥίπ-

203 907 347 988 τονοι]
392 910 467 971 Νοιι
489 907 675 989 exposuisse
698 909 754 972 sed
775 908 933 972 mutilasse
955 909 1123 974 masculam

201 1012 326 1096 prolem
358 1011 541 1076 Amazonas
575 1023 687 1074 auctor
715 1023 763 1074 est
793 1011 877 1074 idem
905 1011 1021 1074 Sextus
1049 1013 1073 1076 l.
1096 1013 1120 1076 l.

180 1121 233 1190 ¹§.
249 1116 324 1178 217.
346 1115 473 1198 p.182.
499 1109 556 1180 ‘As
575 1116 611 1179 δὲ
628 1109 809 1200 ’Audiense
830 1116 887 1180 καί
909 1110 1065 1202 ε’χώλενον
1078 1111 1121 1180 roi

201 1213 323 1308 ἆρῤενα
344 1219 407 1284 τῶν
427 1221 501 1308 περί
522 1212 626 1294 ιίντίις
646 1219 866 1302 γεννωμένων,
888 1212 970 1308 ὑπὲρ
985 1219 1045 1283 τοῦ
1059 1245 1121 1305 μη-

197 1322 256 1386 δὲν
276 1315 426 1411 ἀνδρεῖον
447 1315 536 1386 ciero
555 1321 694 1401 ποιῆσαι
715 1314 910 1400 δύνασθαι,
931 1325 1005 1410 περὶ
1024 1316 1122 1388 πόλε-

199 1448 264 1511 μον
284 1426 319 1490 δὲ
343 1423 438 1512 ἔσχον
459 1419 576 1504 ἁῦται,
612 1424 672 1489 τοῦ
692 1423 844 1490 ἐναντίου
865 1417 940 1514 παρ’
965 1417 1042 1511 ἡμῖν
1062 1449 1122 1492 κα-

199 1527 264 1604 λῶς
284 1527 367 1615 ἔχειν
387 1531 628 1614 νενομισμένου.
670 1526 744 1608 (0.)

113 1629 170 1710 90)
197 1624 312 1719 παρὰ
337 1629 530 1708 Ταϊνοῖς]
551 1630 624 1691 Hae
645 1629 683 1691 de
705 1649 740 1690 re
760 1629 804 1692 ita
818 1626 1003 1694 Caesarius:
1025 1627 1119 1718 παρὰ

200 1733 238 1797 δὲ
254 1727 399 1807 Ἠλείοις
430 1735 486 1798 καὶ
507 1731 723 1821 Σαρακηνοῑς
748 1737 805 1799 καὶ
831 1736 902 1809 τοῖς
922 1733 956 1799 ἐν
976 1732 1016 1827 τῇ
1038 1727 1121 1800 ἅνω-

200 1827 433 1927 τέρριΛιβιίῃ,
453 1837 510 1899 καὶ
529 1827 703 1924 Μαύροις,
723 1831 811 1901 κατὰ
830 1830 909 1914 τοὺς
928 1829 1052 1917 ἠιόνας·
1065 1841 1122 1902 καὶ

83 1961 87 1972 ·
202 1931 315 2022 ὄχθας
335 1937 396 2002 τοῦ
412 1931 573 2004 Ὠκεανοῦ
593 1933 916 2025 noropoi'ffortasse
945 1941 985 2003 ad
1003 1939 1120 2003 fretum

198 2039 404 2120 Gaditanum)
426 2033 572 2120 οἰκοῦσι,
591 2043 649 2107 καί
669 2042 703 2108 ἓν
724 2041 765 2136 τῇ
785 2041 924 2132 ἐξωτὲρςι
937 2041 1116 2133 Γερμανίᾳ,

199 2145 256 2208 καί
278 2141 371 2234 ἔντῇ
398 2136 546 2233 ἇνιιτὲρρι
566 2142 774 2234 Σαρματίρι,
809 2148 865 2210 καὶ
896 2145 930 2210 ἐν
956 2145 1121 2238 Σκυθίᾳ,
1179 2161 1182 2168 “

198 2247 256 2310 καὶ
284 2245 319 2311 ἐν
343 2245 427 2310 πᾶσι
457 2249 529 2322 τοῖς
554 2244 716 2326 ἐξωτικοῖς
752 2247 866 2337 μέρεσι
895 2247 955 2313 τοῦ
982 2241 1118 2320 Πόντου

199 2346 335 2444 ἔθνεσιν
356 2343 416 2434 οὐχ
435 2341 509 2414 ὁῖόν
528 2371 563 2414 τε
584 2349 700 2470 ἕνρεῖν
714 2344 949 2434 κολλοβιστὴν,
984 2345 1007 2432 ἢ
1032 2343 1119 2417 nici-

199 2473 296 2532 στην,
316 2446 339 2533 ἢ
358 2445 557 2574 ζώγραφον,
593 2447 653 2520 οὐκ
678 2447 909 2544 ἀρχιτέκτονα,
944 2447 985 2520 οὐ
1006 2447 1119 2544 φωναί·

199 2577 296 2636 οκον,
330 2548 392 2642 οὐχ
418 2549 597 2646 ὑιιοιιρίοην
622 2551 834 2656 ποιημάτων,
867 2549 911 2633 ὦς
930 2579 1000 2672 παρ
1030 2550 1120 2643 ἡμῖν.

200 2657 265 2731 Hie
295 2657 423 2724 Ταὶνῶν
442 2657 560 2724 tuentio
586 2658 692 2737 nulla,
740 2640 798 2724 sei
826 2679 938 2724 eorum
958 2659 1119 2723 inlocum

199 2760 325 2824 suffecti
352 2771 425 2824 sunt
440 2756 578 2830 Ἠλεῖοι.
618 2763 670 2826 De
691 2761 883 2846 prioribus
872 2775 918 2826 rto
939 2761 1118 2846 Stephanus

204 2866 341 2930 Ταίννοι
371 2864 431 2945 (sie
459 2864 543 2928 enim
572 2865 697 2946 scribit)
729 2863 833 2943 ἔθνος
860 2859 926 2936 ἀπὸ
954 2866 1019 2931 τῶν
1041 2867 1119 2932 Σα-

199 2967 347 3056 ραιιηνῶν
366 2962 450 3057 πρὸς
462 2967 687 3059 μεσημβρίαν,
709 2963 958 3046 ὦς’θολιιιανὸς
972 2970 1005 3035 ἐν
1015 2963 1118 3060 Ἀρα-

202 3071 330 3154 βικοῖς,
362 3075 418 3136 καὶ
434 3065 595 3160 Οὐράνιος
616 3073 650 3137 ἐν
666 3066 854 3162 Ἀραβικῶν
874 3073 1022 3162 δευτέρῳ.
1045 3073 1116 3140 Νεο

199 3172 274 3234 satis
297 3171 382 3248 noti,
407 3193 488 3256 quos
510 3174 608 3238 Eleos
631 3172 799 3238 Caesarius
821 3173 973 3236 nominat.
1015 3175 1117 3238 Forte

199 3272 278 3353 τοὺς
298 3270 365 3341 εἰπὸ
386 3277 445 3358 τῆς
461 3271 597 3355 Ἠλίὸος
615 3277 784 3362 intelligit,
823 3296 915 3358 quatu
938 3277 1115 3359 Stephanus

199 3374 282 3467 πρὸς
311 3380 352 3472 τῇ
382 3373 560 3472 Ἀιγυπτίρι
588 3375 753 3471 Ὀλυμπίᾳ
783 3379 895 3442 urbem
927 3399 996 3442 esse
1027 3379 1116 3444 dicit.

200 3482 343 3566 (vager.)

116 3583 171 3666 21)
198 3589 268 3650 ιιαὶ
298 3583 592 3672 Σαρακηνοΐς]
621 3585 817 3667 Stephanus:
841 3581 1006 3675 Σιίρακα,
1024 3581 1117 3677 χώρα

195 3680 373 3778 Ἀραβίας,
407 3686 492 3776 μετὰ
512 3686 590 3768 τοὺς
610 3689 840 3774 Ναβαταίους.
895 3689 936 3754 Οἱ
957 3685 1119 3766 οἰκοῦντες

200 3789 406 3880 Σαραιιηνοί.
432 3790 532 3858 Cous.
548 3813 629 3877 quae
645 3790 887 3860 observavimus
902 3791 1121 3856 adAruobium

199 3893 293 3958 Lihr.
317 3895 381 3962 vl.
405 3892 489 3980 Cap.
513 3897 648 3964 xxm.
674 3895 772 3962 Τοιο.
796 3895 844 3962 11.
866 3913 904 3978 p.
927 3891 1001 3960 892.
1046 3891 1120 3974 (O·)
