2748 4514
515 915 897 996 EIUSDEM

364 1063 427 1130 DE
458 1069 679 1138 FORTUNA
713 1077 773 1140 ET
807 1079 868 1142 DE
903 1073 1049 1144 FATO'

273 1223 308 1258 ει
331 1207 414 1262 suro
440 1211 476 1264 11.
502 1209 536 1264 a.
564 1219 665 1268 anima.
716 1219 920 1292 cap.xt.v11.
946 1237 973 1274 ex
1001 1224 1127 1276 xuvru.
1201 1197 1206 1206 ’

352 1367 539 1440 <Interprete'
550 1375 660 1444 Angelo
679 1377 801 1433 Caninio
823 1375 1035 1449 Anglarr'eari.)

583 1562 799 1578 m

618 1693 767 1758 XLVII.

566 1803 620 1893 De·
641 1808 817 1862 Fortuna.

255 1931 431 1996 Fortunam
459 1944 491 1996 et
523 1953 628 1996 casum
658 1934 740 1998 inter
768 1937 849 2000 entia
872 1937 1091 2001 connumerari
1119 1939 1193 2002 satis
1273 2010 1279 2020 ¹

188 2035 299 2100 testari
326 2047 434 2117 potest
462 2038 635 2102 communis
669 2039 807 2103 omnium
834 2041 1016 2117 hominum,
1051 2063 1131 2124 quae
1154 2045 1192 2106 de

189 2140 265 2223 ipsis
287 2139 407 2202 habent
433 2140 626 2220 anticipatio.
671 2141 755 2222 Quid
777 2165 856 2206 vero
881 2143 921 2206 sit
942 2155 1109 2228 utrumque
1135 2167 1192 2208 eo·
1283 2191 1288 2202 ·

190 2263 278 2319 rum,
302 2255 334 2306 et
350 2243 434 2305 eirca
455 2264 536 2325 quae
555 2244 636 2307 entia
657 2258 820 2322 versetur,
845 2245 1010 2310 multitudo
1025 2251 1192 2312 doctorum

191 2346 368 2410 aceruatius
391 2346 519 2410 definire
540 2348 689 2410 haetenus
718 2369 783 2412 non
804 2349 920 2430 potuit.
964 2351 1077 2433 Neque
1110 2350 1192 2412 enim

188 2471 295 2514 semun
316 2449 378 2531 ipsi
406 2470 506 2532 neque
533 2472 602 2512 oum
630 2450 696 2512 aliis
726 2451 917 2518 conveniunt
948 2453 986 2513 de
1020 2452 1086 2528 his,
1121 2473 1192 2514 eum

187 2563 291 2616 tamen
314 2573 384 2616 esse
404 2563 572 2636 utrumqne
594 2575 704 2617 eorum
724 2554 880 2617 communi
903 2555 1054 2617 sententia
1071 2555 1192 2618 fatean-

188 2667 255 2718 tur.
290 2655 528 2718 Diseutiendum
551 2656 651 2741 igitur
674 2668 704 2718 et
721 2658 975 2738 perpendendum
997 2647 1048 2719 esi
1060 2701 1069 2732 ‚
1093 2679 1191 2740 quae-

189 2777 262 2822 nam
282 2759 445 2842 utriusque
466 2770 577 2822 natura
593 2759 650 2834 sit,
674 2781 708 2822 es
727 2759 811 2820 eirea
833 2780 910 2840 quas
935 2779 986 2820 res
1007 2758 1095 2821 fiant.
1130 2759 1191 2822 Vi·
1277 2823 1280 2838 ‚

189 2863 302 2924 denurr
327 2861 434 2944 itaque
463 2855 542 2924 haee
566 2882 693 2944 quoque
721 2861 802 2924 inter
828 2882 936 2924 causas
958 2861 1191 2925 connumerari.

188 2966 271 3028 Nam
303 2978 336 3028 et
362 2965 506 3028 Fortuna
539 2965 662 3028 videtur
695 2985 763 3027 esse
798 2985 890 3028 causa
921 2984 1031 3028 eorum
1059 2985 1140 3047 quae
1173 2985 1192 3026 a

186 3067 317 3131 fortuna
339 3079 376 3148 et,
392 3089 482 3130 casus
507 3089 617 3131 eorum
636 3089 716 3152 quae
736 3089 754 3130 a
776 3089 850 3130 casu
870 3067 962 3130 fiunt.
996 3065 1078 3130 Cum
1092 3065 1189 3150 igitur

188 3191 300 3234 causae
314 3183 451 3254 quatuor
469 3169 541 3246 sint,
566 3174 604 3234 de
623 3172 735 3252 quibus
756 3192 849 3252 saepe
866 3169 1018 3233 disserere
1036 3168 1186 3244 solemus,

189 3274 373 3350 materialis,
407 3274 571 3352 formalis,
603 3275 748 3340 effectiva
766 3285 798 3338 et
821 3273 908 3347 finis,
940 3272 972 3334 in
992 3270 1039 3332 his
1061 3259 1188 3336 neeesse

187 3388 236 3440 est
260 3388 426 3460 utrumque
447 3398 558 3442 eorum
581 3400 671 3454 esse,
695 3378 722 3440 si
742 3380 837 3441 modo
859 3394 970 3438 causae
991 3385 1074 3436 sunt.
1104 3375 1188 3438 For·
1290 3397 1294 3406 ¹

184 3491 293 3544 urnam
321 3480 425 3565 itaque
450 3493 481 3544 et
505 3503 610 3546 casum
631 3494 778 3563 tanquam
799 3476 959 3540 materiam
983 3496 1089 3539 rerum
1108 3499 1188 3558 quae

184 3603 242 3664 per
263 3583 332 3666 ipsa
348 3583 428 3646 fiunt
448 3607 555 3648 causas
573 3605 659 3658 esse,
694 3581 795 3644 nullus
821 3578 987 3658 (arbitror)
1009 3578 1186 3654 affirmabit.
1241 3571 1244 3594 '

184 3685 266 3748 Nam
292 3689 438 3752 Fortuna
460 3709 523 3753 non
545 3701 592 3754 est
615 3684 788 3750 subiectum
810 3683 968 3766 quoddam
990 3681 1187 3766 effiguratrun

182 3799 213 3850 et
236 3789 409 3854 formatum
434 3793 473 3854 ab
495 3791 618 3876 aliquo,
656 3800 691 3850 ut
715 3785 862 3860 materia,
900 3805 980 3866 quae
1006 3804 1132 3848 manens
1155 3795 1188 3846 et

178 3890 354 3954 subsistens
379 3893 515 3958 formam
540 3892 676 3977 accipit,
711 3901 742 3951 et
772 3901 818 3952 est
849 3909 941 3952 causa
969 3907 1080 3950 eorum
1106 3907 1185 3970 quae
