2694 4508
998 319 1102 378 ·tt

157 595 228 656 lam
256 611 340 656 vero
362 592 484 654 sublata
498 613 557 674 per
574 591 654 655 istos
677 592 710 654 vi
728 593 947 668 consultandi,
982 589 1105 656 tollitur-

95 696 264 761 rnauiseste
282 705 315 758 et
338 694 466 758 volendi
478 694 619 758 libertas.
665 696 747 757 Nam
762 717 870 758 omnes
893 696 948 779 qui
960 717 1025 759 non
1040 696 1103 760 suis

93 799 221 882 placitis
237 794 338 860 defixi
349 808 439 872 sunt,
464 795 496 858 in
511 817 551 859 eo
563 809 686 878 ponunt
696 797 788 860 istam
798 797 991 874 libertatem,
1017 801 1105 881 quod

95 901 214 978 domini
239 900 339 964 simus
362 898 476 983 agendi
497 901 548 963 vel
566 913 631 963 n'on
653 899 784 984 agendi,
807 899 851 963 ita
870 912 986 965 utnon
1006 923 1104 986 coga-
1132 929 1135 934 ¹

97 1027 168 1069 mur
188 1003 283 1087 seqiu
305 1021 414 1066 causas
437 1011 582 1064 externas
606 1016 659 1065 aut
674 1003 740 1085 pati
758 1024 817 1066 nos
835 1025 897 1086 qua
919 1005 1031 1066 ducant
1046 1004 1105 1066 im-

96 1108 186 1192 pelli.
244 1109 307 1170 Est
337 1116 440 1168 autern
471 1105 537 1168 hic,
552 1105 682 1169 dilectus
711 1107 878 1188 proprium
906 1106 1040 1170 bominis
1062 1107 1105 1171 ,in

95 1213 158 1276 bac
177 1231 217 1274 re
241 1229 337 1290 opus.
397 1209 480 1270 Nam
508 1207 540 1270 in
569 1208 600 1270 id
628 1212 715 1292 quod
746 1209 930 1274 deliberatio
958 1208 1107 1290 praetulit

97 1337 173 1378 cum
197 1311 356 1396 appetitu,
395 1312 494 1376 motio
517 1311 609 1375 animi
631 1323 678 1374 est
700 1312 842 1374 dilectus.
887 1311 994 1393 Quare
1015 1311 1106 1376 in-iis

98 1437 182 1502 quae
205 1413 335 1480 omuino
358 1413 536 1478 necessario
557 1415 657 1492 fiunt,
683 1415 813 1480 dilectus
835 1417 894 1480 iste
914 1417 1020 1480 locum
1041 1426 1106 1480 n‘on

97 1524 215 1584 babet:
239 1521 297 1582 scil
319 1538 377 1580 nec
398 1516 430 1580 in
451 1517 509 1594 iis,
534 1539 614 1600 quae
636 1519 715 1580 citra
736 1518 951 1582 necessitatem
967 1517 1104 1602 quidem,
1203 1515 1212 1535 ⁸

96 1627 153 1688 sed
175 1645 241 1686 non
263 1639 325 1704 per
346 1641 404 1684 nos
427 1619 517 1682 liunt.
569 1623 681 1703 Neque
704 1643 782 1686 vero
805 1622 836 1684 in
858 1623 1002 1687 omnibus
1025 1644 1106 1705 quae

97 1749 155 1811 per
183 1745 245 1790 nos
275 1724 379 1798 fiunt,
417 1723 473 1784 sed
493 1723 524 1786 in
546 1722 583 1786 iis
606 1745 686 1806 quae
706 1724 751 1786 ita
772 1747 831 1806 per
853 1747 911 1788 nos
933 1725 1033 1802 fiuent,
1072 1737 1107 1788 ut

99 1829 218 1896 domini
241 1826 341 1891 sunus
362 1826 413 1888 vel
435 1826 548 1910 agendi
569 1826 622 1888 vel
643 1847 709 1890 non
731 1829 857 1911 agendi.
915 1829 996 1890 Nam
1020 1828 1107 1910 quis·

97 1935 166 2020 quis
190 1935 232 1994 de
261 1951 299 1992 re
327 1928 428 2012 aliqua
458 1927 614 1992 consultat
627 1943 649 2005 ,'
680 1941 732 1992 aut
761 1932 938 2007 consultat,
977 1951 1016 1992 an
1044 1931 1109 1994 hoc

99 2039 207 2102 lacere
232 2045 288 2097 aut
309 2032 501 2095 nonfacere
524 2044 688 2113 oporteat,
728 2044 780 2096 aut
801 2033 879 2096 boni
900 2033 1028 2098 alieuius
1051 2055 1106 2096 ou·

99 2141 190 2224 pidus
225 2135 375 2222 quaerit,
421 2135 453 2197 id
484 2137 646 2218 quomodo
684 2135 886 2218 adipiscatur.
954 2137 1050 2218 Quod
1082 2137 1109 2200 si

100 2241 267 2326 quaerenti
289 2237 407 2321 aliquid
426 2238 459 2302 in
481 2248 614 2300 mentem
636 2238 722 2300 venit
743 2241 831 2322 quod
857 2239 927 2302 fieri
954 2252 1106 2322 nequeat,

100 2345 208 2409 statim
232 2346 271 2408 ab
300 2343 367 2404 eius
397 2341 590 2425 cogitatione
617 2363 651 2404 se
679 2343 804 2406 avertit.
862 2325 975 2426 Neque
1008 2343 1109 2406 miuus

101 2471 136 2514 se
158 2447 274 2512 avertit
296 2448 336 2508 ab
358 2444 439 2521 illis,
471 2466 550 2529 quae
573 2457 644 2507 suut
667 2445 791 2528 quidem
813 2467 927 2528 perse
949 2468 1013 2510 non
1035 2447 1108 2510 talia

102 2564 136 2617 ut
158 2550 291 2616 omniuo
312 2547 384 2612 fieri
406 2559 581 2631 nequeant,
623 2559 653 2610 at
682 2571 746 2613 non
775 2549 805 2615 in
835 2549 932 2630 ipsius
956 2549 1010 2632 qui
1032 2571 1109 2612 con-

102 2657 196 2720 sultat
223 2663 403 2736 potestate,
448 2663 631 2735 perstatque
658 2653 701 2716 ita
732 2655 769 2716 de
796 2654 905 2716 futuro
936 2673 1107 2734 quaerere,

104 2763 206 2822 donec
227 2757 259 2820 in
282 2756 418 2836 aliquod-
434 2749 598 2830 deveniat,
638 2756 725 2818 cuiuis
754 2777 787 2818 se
809 2766 898 2836 putat
920 2757 1036 2818 babere
1059 2777 1110 2818 ar-

104 2861 253 2928 bitrium:
276 2869 344 2922 trun
367 2878 446 2922 vero
469 2880 487 2920 a
509 2857 738 2924 consultatione
760 2858 909 2944 longiore
932 2859 1108 2934 abstinens,

103 2969 139 3028 ut'
168 2963 225 3047 qui
254 2959 471 3045 quaestionem
506 2963 545 3023 ad
574 2961 605 3023 id
630 2963 839 3043 perduxerit,
883 2965 969 3045 quod
999 2963 1112 3047 agendi

105 3065 376 3150 principiumest,
402 3085 496 3148 agere
509 3063 618 3146 incipit
638 3064 671 3128 id
693 3069 778 3148 quod
800 3087 841 3129 ex
861 3089 921 3128 usu
943 3077 1002 3127 est.
1037 3066 1112 3146 Ipsa

107 3191 235 3255 quoque
273 3165 434 3250 inquisitio
468 3167 513 3229 sie
546 3167 585 3230 ab
612 3167 668 3231 illo
697 3168 868 3234 instituitur
890 3181 1035 3251 tanquam
1058 3169 1114 3250 qui

107 3283 295 3356 potestatem
308 3271 432 3332 *habeat
454 3269 505 3333 vel
518 3271 589 3335 -hoe
612 3272 663 3334 vel
684 3276 879 3338 contrarium
902 3272 1027 3356 agendi.
1072 3273 1110 3336 In

109 3397 232 3460 quaque
256 3373 340 3438 enim
362 3393 415 3448 re,
440 3393 519 3456 iprae
540 3374 572 3436 in
595 3375 854 3440 deliberationem
876 3375 982 3460 venit,
1007 3377 1112 3460 inepri-

107 3481 179 3544 sitio
200 3481 237 3542 lit
261 3499 280 3540 a
303 3476 517 3553 consultante,
540 3479 605 3540 boe
626 3500 664 3541 ne
679 3479 855 3542 faciendum
869 3480 947 3561 ipsi,
973 3501 1010 3544 an
1027 3485 1114 3564 quod

107 3581 301 3648 eontrarium
330 3590 394 3654 est,
435 3578 526 3645 etiam
560 3582 599 3644 ab
629 3603 668 3646 eo
699 3583 753 3664 qui
781 3594 893 3646 cuncta
923 3583 1005 3646 dicat
1027 3585 1119 3648 Fato·

106 3685 185 3750 lieri.
232 3682 366 3748 Refellit
392 3682 473 3750 enim
489 3682 569 3766 'ipsa
597 3683 678 3746 inter
711 3687 869 3769 agendum
892 3688 1008 3750 veritas
1030 3688 1112 3750 lalso

107 3801 277 3873 conceptas
308 3785 485 3868 opiniones.
542 3788 730 3868 Quomodo.
745 3811 825 3858 uero
853 3812 917 3854 non
940 3792 979 3854 sit
1001 3791 1112 3854 absun-

107 3897 177 3958 duan
200 3894 308 3956 elicere
330 3889 397 3954 lalli
419 3889 449 3952 in
471 3890 534 3954 huc
564 3913 598 3956 re
628 3914 644 3954 a
674 3904 785 3956 natura
813 3894 954 3958 homines
985 3893 1112 3956 uuiver-
