2754 4510
271 304 334 368 268

348 473 566 556 melertrper)
586 493 655 540 ecee
673 467 716 539 τά
736 471 851 564 πρῶτα
872 467 977 550 άὶτια,
995 493 1123 542 cuneus
1143 477 1284 555 primur

350 581 383 638 et
410 574 580 655 principes
599 578 828 658 generationis
858 577 1032 639 naturalis
1059 596 1176 640 rerum
1205 578 1282 640 exi:
1353 579 1354 610 ³

348 677 518 740 utentium.
561 673 642 740 Sunt
662 675 743 739 enim
766 687 797 740 et
818 674 895 740 eliae
917 697 1028 741 causae
1053 675 1279 740 secundariae.

327 761 331 776 ’
354 771 505 838 Ceterum
526 772 568 844 τά
589 781 672 844 θεῖα
693 777 775 858 (scil.
799 773 951 865 σώματα)
971 779 1005 840 h.
1021 777 1046 841 l.
1069 799 1165 842 sensu
1185 779 1281 843 insc-

354 876 506 956 lentiore,
531 881 570 943 de
592 881 768 958 sideribus,
792 881 924 964 planetis
945 880 1105 963 inprimis,
1129 902 1194 964 pro
1217 882 1278 946 diis

352 981 482 1046 habitis.
528 983 580 1046 Sic
600 984 684 1048 infra
706 983 748 1049 C.
770 984 888 1048 XXV.
913 980 1025 1074 ἱκανάὶ
1037 981 1103 1074 γάρ
1125 981 1170 1051 τά
1191 988 1279 1050 θεία
1354 977 1355 982 ¹

351 1090 408 1158 καὶ
429 1079 449 1166 ἡ
474 1080 598 1153 τούτων
615 1084 865 1180 περιφοράτὴν
887 1087 951 1153 τῶν
974 1091 1154 1173 γινομένων
1176 1088 1210 1154 ἓν
1232 1088 1279 1179 τῷ

352 1181 465 1280 κόσμῳ
497 1192 664 1278 συνέχειαν
696 1185 896 1281 φυλάσσειν,
931 1210 991 1253 nec
1021 1210 1086 1253 non
1121 1189 1276 1254 Geminus

347 1291 392 1356 'de
414 1304 578 1375 apparent.
608 1294 739 1356 coelest.
768 1315 845 1378 pag.
873 1292 905 1357 9.
935 1294 986 1355 ed.
1009 1292 1192 1356 Hilderich.
1215 1293 1276 1374 τὴν

352 1391 416 1484 γάρ
439 1390 594 1475 τοιαύτην
615 1390 752 1476 ἀταξίαν
773 1391 811 1462 οὐ
829 1395 1060 1485 προςεδὲξαντο
1083 1397 1131 1474 (οἱ
1144 1399 1276 1462 Πυθα-

351 1499 488 1586 χορεῖοι)
509 1494 592 1586 πρὸς
619 1493 660 1564 τά
681 1501 765 1565 θεῖα
785 1502 841 1565 καὶ
869 1493 1003 1577 άιώνια,
1036 1491 1080 1574 οἷς
1106 1504 1190 1564 ποτὲ
1215 1506 1277 1586 μέν

352 1594 467 1687 τάχιον
481 1604 667 1682 κινεῖσθαι,
687 1607 767 1668 ποτὲ
789 1602 824 1667 δὲ
844 1595 1000 1690 βράδιον,
1020 1605 1100 1665 ποτὲ
1123 1602 1159 1666 δὲ
1182 1602 1275 1682 ἑστη-

354 1706 454 1773 κὲναι.
511 1705 677 1770 Imitantur
713 1717 743 1768 et
775 1703 882 1768 Latini
917 1725 951 1766 v.
974 1725 1005 1765 ο.
1039 1702 1159 1766 Seneca
1197 1706 1272 1767 Nat.

354 1809 488 1890 Quaest.
510 1808 587 1871 Lib.
610 1809 693 1873 VII.
724 1806 806 1891 Cap.
829 1806 982 1870 XXXII.
1036 1806 1156 1870 Nullis
1176 1810 1275 1890 igni-

356 1911 434 1986 bus,
460 1912 537 1974 nisi
563 1913 599 1974 in
633 1931 696 1973 sno
726 1918 917 1985 moreest,
948 1908 1018 1971 illie
1039 1905 1119 1968 dieo
1141 1904 1274 1982 divinis,

355 2033 442 2096 quos
460 2010 560 2074 habet
579 2010 722 2074 mundus
749 2018 922 2072 aeternos.
952 2007 1038 2090 qnia
1064 2013 1182 2087 partes
1201 2007 1274 2068 eius

355 2119 435 2172 sunt
459 2120 492 2174 et
517 2129 641 2190 opera,
676 2121 707 2172 et
727 2108 834 2191 paullo
856 2105 986 2170 inferius
1009 2107 1121 2170 eodem
1144 2100 1270 2186 Capite.

358 2209 441 2287 Ouis
470 2229 576 2272 unum
598 2212 705 2276 stellis
727 2213 869 2274 limitem
891 2207 1013 2290 ponit?
1051 2208 1128 2290 quit
1156 2206 1192 2269 in
1214 2226 1272 2268 nn·

354 2316 494 2388 gustum
514 2308 628 2372 divina
650 2308 857 2395 compellit?
896 2307 969 2389 (0.)

289 2427 323 2508 3)
350 2427 451 2493 noia
473 2429 620 2513 σχέσις
639 2425 744 2519 πρὸς
764 2426 814 2496 τά
834 2425 951 2522 τῇδε]
988 2426 1117 2512 Optime
1145 2425 1274 2492 Schult-

352 2530 493 2595 hessius:
517 2529 571 2594 die
592 2530 673 2596 oder
693 2531 780 2596 diere
797 2533 958 2614 Stellung
981 2530 1271 2613 (Constellation),

357 2638 461 2700 werin
490 2633 562 2696 sich
594 2630 647 2695 die
672 2631 818 2696 Gestirne
845 2653 957 2714 gegen
980 2632 1069 2699 diese
1091 2631 1271 2699 Unterwelt

357 2733 526 2818 befinden‚
554 2725 596 2799 τά
617 2730 690 2826 τῇδε
712 2752 801 2816 quae
819 2731 876 2797 tric
897 2731 934 2811 (i.
950 2752 980 2797 e.
997 2734 1032 2798 in
1051 2735 1163 2816 terra)
1183 2745 1268 2797 eunt.

291 2940 324 3020 c)
352 2941 393 3006 ἐν
413 2932 589 3016 τούτοις
609 2940 680 3004 καὶ
700 2929 928 3018 τοιαύτης]
949 2936 1074 3002 Alte.
1093 2935 1127 3004 ἒν
1142 2929 1273 3018 τούτοις

200 3125 202 3136 Ι
354 3044 390 3109 δὲ
411 3046 467 3107 καὶ
487 3035 652 3121 τοιαύτης.

292 3148 327 3228 5)
351 3139 480 3213 Ἀλλά
497 3137 598 3231 μὴν]
635 3139 742 3206 casel.
761 3135 865 3208 ’Atti
886 3142 955 3229 μὲν.

292 3249 326 3330 6)
355 3243 406 3326 ὡς
433 3247 497 3312 ἐπὶ
524 3240 570 3328 τὸ
597 3246 798 3311 πλεῖστον
824 3243 1011 3329 γίνεται]
1046 3244 1125 3311 Ald.
1160 3248 1193 3309 1.
1229 3243 1273 3327 ὦς

353 3352 405 3418 ἐπὶ
425 3347 465 3417 τὸ
485 3351 636 3417 πλεῖστον
655 3352 716 3435 μὲν
735 3345 869 3433 γίνεται.

256 3513 264 3548 ·.
291 3454 325 3536 7)
345 3447 796 3544 ιιαρεμποὸισθείσης]
842 3449 896 3515 Sic
924 3451 1001 3516 Ale.
1028 3451 1061 3517 2.
1091 3462 1124 3516 ct
1154 3449 1265 3517 Caeel.

354 3555 611 3643 ἕμιιοὸισθείσης
630 3553 709 3619 Ald.
733 3554 765 3616 t.
788 3563 818 3617 et
840 3555 950 3619 Lond.

289 3682 323 3761 8)
351 3678 391 3760 ἐξ
421 3669 674 3766 ἀνθρώπου]
724 3672 777 3738 Sic
804 3673 885 3740 edidi
914 3697 954 3741 ex
976 3647 1083 3742 liern.
1109 3688 1141 3740 et
1164 3675 1258 3743 Mon.

352 3783 390 3848 In
412 3777 499 3844 editis
521 3779 605 3843 decet
626 3775 832 3862 praepositio.
854 3779 948 3859 ,(Ο.)
