2694 4508
28 320 32 379 ³
141 350 259 436 su

28 512 32 527 '
94 567 100 578 ι
225 516 306 593 fero
333 514 492 618 eximiae
514 513 741 590 humanitati
767 539 808 588 ac
835 505 1125 592 benevolentiae
1149 497 1226 594 Th.

214 637 275 710 D.
304 633 456 711 Blochii
487 634 592 710 istius
624 626 887 742 Bibliothecae
921 635 1121 736 praefecti,
1155 637 1229 738 qui

224 757 286 835 vir
311 756 548 832 doctissimus
579 781 624 833 ex
651 756 828 832 Sallustio
846 758 1084 859 'philosopho
1114 785 1135 832 a
1161 783 1228 835 me

227 878 329 954 edito
367 879 471 952 haud
509 903 660 978 prorsus
699 876 886 954 sinistram
919 877 1142 978 opinionem
1176 878 1230 953 de

224 999 352 1073 sutura
363 997 572 1075 Alexandri
588 997 754 1073 editione
772 997 1010 1099 concipiens,
1035 999 1138 1072 ultro
1153 1022 1229 1073 nec

228 1118 401 1220 opinanti
429 1117 525 1192 mihi
559 1117 660 1192 misit
687 1117 762 1190 hoc
784 1145 924 1195 munus
948 1117 1229 1216 gratissimum,

228 1249 266 1314 et
280 1264 477 1336 nunquam
496 1236 802 1312 intermoriturae
827 1235 1016 1311 amicitiae
1038 1248 1228 1314 tesseram.

225 1355 294 1430 Est
318 1357 397 1430 scil.
422 1355 486 1431 hic
516 1339 648 1432 Codex
669 1356 887 1432 chartaceus
910 1356 1075 1456 optimae
1099 1369 1229 1451 notae,
1334 1381 1336 1405 ’

225 1475 438 1551 accuratius
468 1473 675 1575 descriptus
712 1502 733 1549 a
764 1475 825 1550 Fr.
861 1476 1045 1552 Miintero
1080 1476 1122 1552 in
1155 1476 1230 1550 Mi·
1327 1548 1330 1569 ‚

231 1594 426 1680 scellaneis
445 1593 730 1672 Havniensibus
756 1592 982 1694 Theologici
1000 1607 1037 1670 et
1060 1595 1231 1670 Philolo-
1324 1592 1326 1615 '

227 1712 345 1812 logici
364 1713 618 1810 argumenti,
669 1727 707 1790 et
741 1714 913 1790 continet
950 1714 1053 1790 varia
1090 1714 1229 1816 scripta

180 1872 183 1876 ·
227 1831 493 1936 philosophica
523 1833 594 1907 hac
623 1833 728 1910 serie.
774 1835 810 1928 1)
830 1834 984 1910 loannis
1002 1835 1231 1911 Damasceui

227 1960 413 2053 κεφολοῖοι
431 1955 667 2053 φιλοσοφικά.
688 1954 830 2057 τ),πε(ιι“
846 1963 1021 2034 ἑκουσίου
1039 1962 1103 2034 καί
1120 1957 1230 2036 ἀκου·

229 2081 317 2155 σίου
339 2084 517 2149 auctore‘
532 2072 617 2148 Neo
632 2074 805 2149 -Graeco
829 2073 960 2173 aliquo
982 2075 1100 2150 seculi
1125 2077 1232 2156 XVI.

228 2192 398 2272 extremi.
423 2191 464 2289 3)
490 2189 700 2268 Alexandri
723 2190 1030 2292 Aphrodisiensis
1054 2201 1144 2299 περὶ
1169 2195 1232 2275 τά-

224 2342 299 2422 χης
318 2297 389 2393 Υκαὶ
414 2320 643 2418 ἐκκαομένης
669 2301 804 2413 Capita
820 2313 871 2384 11.
898 2336 945 2388 ex
963 2313 1043 2388 eius
1060 2316 1161 2392 libro
1180 2318 1229 2390 11.

229 2438 278 2514 de
310 2436 447 2512 anima.
506 2434 547 2528 4)
585 2432 770 2508 Eiusdem
807 2433 905 2536 πρὸς
941 2431 1231 2540 ἀυτυκράτορας

228 2562 320 2663 περὶ
346 2561 570 2660 ἑιμορμίνης
589 2556 743 2634 καὶτοῦ
761 2551 814 2653 ἐῶ
838 2554 938 2657 ἡμῖν.
985 2555 1024 2652 5)
1050 2556 1231 2633 Eiusdem

229 2685 390 2782 σχολίων
410 2681 580 2778 φυσικῶν
605 2673 780 2782 ἀποριῶν
796 2679 860 2754 καὶ
876 2674 1019 2758 λύουσιν
1037 2683 1180 2778 βιβλίον
1195 2685 1229 2778 β.

232 2799 325 2900 Cap.
344 2797 523 2879 11-xV1.
548 2797 703 2875 tandem
728 2809 921 2897 postremo
947 2802 1054 2874 locor
1091 2797 1131 2896 6)
1149 2787 1257 2880 Συ.

133 2908 144 3004 i
200 2919 381 3023 saayoryr)
405 2922 484 2997 τῶν
513 2916 828 3016 ἀναγκαιοτάτου
853 2916 1062 3022 ἐξηγήσεων
1086 2925 1137 3014 ἐις
1163 2924 1232 3024 τὴν
1292 2853 1297 2980 l

230 3039 435 3148 ῥητορικὴν
461 3043 540 3116 τῶν
565 3038 839 3118 ἀποδοθεισῶν
863 3042 943 3120 ὑπὸ
960 3048 1038 3120 τῶν
1049 3067 1230 3146 χριστια·
1293 3069 1296 3118 ι

230 3167 306 3243 νῶν
331 3159 521 3266 ἐξηγητῶν
554 3165 617 3237 καὶ
646 3155 838 3262 Ἑλλήνων
872 3160 1041 3256 (Scholia
1078 3162 1119 3238 in
1153 3161 1232 3238 Ari·
1291 3173 1294 3274 l
1330 3269 1334 3278 η

161 3333 162 3342 .
231 3283 376 3360 stotelis
401 3279 647 3356 Rhetoricam
676 3304 775 3378 quae
804 3282 937 3358 eadem
957 3279 1138 3359 videntur
1158 3307 1233 3359 esse
1293 3281 1303 3304 ⁸

233 3427 323 3478 cum
337 3401 406 3496 iis,
434 3423 533 3499 quae
556 3399 648 3502 1539
666 3397 801 3492 Parisis
817 3416 952 3476 excusa
965 3399 1122 3476 suerunt
1138 3400 1232 3502 typis
1291 3453 1295 3505 Ι

234 3519 404 3596 Conradi
426 3518 639 3615 Neobarii).
688 3518 871 3596 Eiusdem
897 3519 1052 3594 Blochii
1076 3519 1232 3616 eximiae
1285 3508 1290 3613 ,l

232 3637 461 3716 humanitati
483 3657 520 3714 et
545 3637 734 3716 amicitiae
761 3639 882 3716 debeo
914 3641 992 3714 duo
1025 3637 1158 3738 Capita
1187 3638 1233 3715 de
1284 3616 1289 3691 l

232 3756 404 3833 Fortuna
434 3757 591 3854 etrFato
619 3781 666 3834 ex
691 3759 826 3834 eodem
843 3757 998 3832 Codice
1025 3756 1233 3833 Havniensi

233 3888 409 3953 accurate
430 3876 614 3977 exscripta
639 3904 716 3956 una
743 3902 831 3953 cum
858 3877 1037 3954 varietate
1062 3863 1231 3954 lectionis
1283 3902 1288 4031 η

363 4135 576 4198 tx*-
644 4187 652 4214 s
726 4199 753 4218 N
