2790 4512
264 331 325 394 16⁶

264 497 461 592 σίρανὸνκα
476 500 637 587 γενέσθαι
652 497 709 578 ἐξω
724 496 782 577 τῆς
795 489 1041 582 διακοσμοιίσης
1054 485 1170 562 τάόλα
1185 517 1271 584 προ-

262 608 371 684 νοίας,
401 600 490 672 ἀλλὰ
514 603 577 668 τῶν
603 595 753 668 ἀντόδεν
782 599 946 688 νεμουσῶν
970 593 1047 684 ἡμῖν
1074 593 1117 664 τά
1146 592 1274 683 ἀγαθὰ

262 702 430 793 δυνάμειν
451 708 514 774 τῶν
536 705 627 771 θεῶν
648 699 784 780 ἑαυτοὺς
811 693 1111 791 ἀποστερήσαντες,
1148 695 1272 787 τυγχά-

260 832 374 876 νουσιν
396 805 581 895 ἀναγκαίως
602 807 665 874 τῶν
686 802 744 874 διὰ
764 805 923 894 τιμωρίας
947 808 1003 870 καὶ
1025 797 1193 882 κολάσεως
1213 828 1273 870 πε-

260 913 447 1000 ριαγουσῶν
468 907 590 988 ἀυτούς
611 911 657 990 ἐις
678 904 716 976 τὸ
738 903 823 975 κατὰ
846 901 947 998 φύσιν
970 899 1009 986 6).

751 1036 775 1078 ε·
862 1094 865 1102 ,
1258 1085 1261 1092 ,

331 1111 501 1184 Τοίτων’
485 1115 543 1184 οὖν
564 1110 652 1182 κατά
675 1140 709 1180 τε
731 1105 791 1192 τὰς
811 1108 924 1191 κοινάς
942 1117 998 1178 καὶ
1019 1107 1274 1240 ἀδιαστρόφους

261 1219 324 1286 τῶν
345 1221 461 1315 ψυχῶν
483 1218 609 1296 ἐννοίας
629 1221 657 1298 ¹)
679 1212 989 1342 ὁμολογουμένων”
969 1239 1071 1284 οντων
1093 1221 1150 1284 καὶ
1168 1217 1203 1284 ἐν
1223 1217 1272 1308 τῷ

260 1315 385 1410 δεκάτῳ
416 1322 479 1390 τῶν
514 1315 638 1408 Νόμων
672 1319 814 1410 ἐναργῶς
848 1315 1149 1438 ἀποδεδειγμένων,
1194 1312 1271 1386 ότίτε

259 1418 386 1506 ἀγνοειν
411 1417 553 1512 ἡμέτερα
580 1419 657 1500 τοὺς
683 1419 790 1500 θεοὺς
814 1417 974 1503 δυνατὸν,
999 1415 1077 1486 666
1107 1415 1270 1512 ἀόριστον

258 1519 366 1590 ἀυτῶν
382 1527 501 1610 γνῶσιν
522 1523 621 1612 ἐχειν,
652 1515 754 1615 ῶςπερ
780 1520 969 1606 ἐικοίζοντας
991 1528 1064 1613 περὶ
1086 1525 1151 1591 τῶν
1173 1525 1271 1610 ἐκβη·

258 1627 411 1710 σομένων.
452 1629 593 1718 Πρῶτον
607 1635 666 1717 μὲν
683 1625 748 1715 γάρ
767 1622 810 1708 ῶς
830 1631 970 1714 Τιμαίος
983 1629 1015 1708 ²)
1031 1621 1119 1716 ἡμᾶς
1134 1626 1271 1708 ἐδίδαξε,

257 1733 314 1794 καὶ
335 1724 436 1807 ἀυτός
461 1724 480 1796 6
500 1727 732 1822 Ἀριστοτέλης
751 1731 924 1817 θεολογῶν
947 1726 1191 1816 ἀποφαίνεται,
1212 1735 1271 1798 καί

257 1829 322 1923 πρὸ
339 1827 464 1900 τούτων
481 1836 711 1925 Παρμενίδης,
740 1831 800 1923 οὐχ
820 1829 838 1900 6
861 1829 954 1925 παρά
970 1827 1130 1900 Πλάτωνι
1144 1828 1268 1921 μόνον,

257 1931 345 2002 ἀλλά
359 1940 415 2002 καὶ
426 1931 445 2002 6
456 1939 490 2006 ἐν
500 1942 570 2021 τοῖς
582 1933 713 2016 ὀἰκείοις
721 1937 828 2018 ἔπεσιν
842 1939 871 2018 ῐ)
879 1987 889 2020 ,
911 1932 1005 2004 οὐδέν
1016 1937 1087 2004 ἐστι
1093 1933 1189 2028 παρά
1201 1941 1271 2016 τοῖς

257 2041 357 2120 θεοῖς
378 2034 453 2106 ὀείτε
470 2037 722 2130 παρεληλυθὸς,
745 2033 819 2106 ὀάτε
836 2042 974 2126 μέλλον,
996 2033 1082 2108 ἀλλά
1097 2034 1225 2108 τούτων
1240 2031 1270 2122 ⁴)

255 2146 316 2228 μὲν
333 2136 485 2232 ἑκάτερον
505 2137 564 2210 οὐκ
587 2137 639 2223 ὃν,
663 2137 701 2211 τὸ
725 2149 786 2230 μὲν
811 2137 939 2224 οὐκέτι,
961 2137 1000 2206 τὸ
1022 2143 1058 2208 δὲ
1083 2137 1192 2224 ὀίπω,
1214 2145 1270 2208 καί

257 2238 296 2310 τὸ
322 2248 383 2330 μὲν
413 2239 678 2330 μεταβεβληκὸς,
725 2240 763 2312 τὸ
798 2238 842 2312 δὲΙ
864 2239 1012 2338 πεφυκὸς
1039 2237 1270 2331 μεταβάλλειν.

261 2339 348 2414 Τάδε
373 2346 516 2416 τοιαῦτα
541 2350 612 2424 τοῖς
644 2343 746 2425 ὅντως
774 2342 865 2428 ἀῦσι,
901 2352 958 2414 καὶ
982 2343 1170 2434 μεταβολὴν
1190 2342 1269 2414 οὐδὲ

255 2443 329 2522 κατ’
361 2448 505 2517 ἐπίνοιαν
531 2449 768 2569 ἐπιδεχομένοις
795 2444 1062 2540 προσαρμόττειν
1086 2443 1270 2538 ἀμήχανον.

257 2556 499 2672 Προηγεῖσδαι
525 2549 590 2644 γὰρ
618 2548 746 2639 ἀνάγκη
776 2550 815 2622 τὸ
842 2555 1007 2632 παντελῶς
1038 2545 1269 2642 ἀμετάβλητον

257 2656 317 2724 τοῦ
335 2650 482 2734 ὁπωςοῶν
496 2650 821 2780 μεταβάλλοντος,“’
806 2679 858 2722 ινα
876 2659 931 2724 καί
949 2658 1034 2777 μίνιχ
1045 2648 1268 2743 μεταβάλλον,

256 2749 299 2836 ῶς
317 2783 351 2825 τε
374 2759 426 2825 ἐπι
443 2754 592 2846 θεῶν,’
572 2759 675 2879 αρχῆς
696 2753 835 2846 ἐχόντων
851 2753 934 2849 πρὸς
951 2754 993 2824 τά
1014 2755 1095 2826 ὅντα
1110 2752 1211 2844 λόγον
1226 2760 1267 2840 ⁵),

255 2855 295 2924 τό
319 2856 603 2951 παρεληλυθος
581 2887 602 2942 η
632 2857 671 2928 τὸ
694 2865 814 2949 μέλλον
840 2864 1056 2987 θεωρεῖσθαι
1084 2857 1267 2942 ἀδύνατον,

255 2957 343 3030 ἀλλά
371 2959 480 3030 πάντα
511 2959 587 3054 παρ’
615 2960 743 3042 ἀστοῖς
756 2963 859 3031 ἐντῶ
888 2965 947 3032 νῦν
967 2966 1037 3034 ἐστι
1065 2965 1112 3054 τῷ
1141 2959 1261 3055 ἀιωνίῳ

256 3067 429 3156 ἱδρυμένα,
452 3065 515 3132 τῶν
526 3067 687 3156 χρονικῶν
700 3069 835 3194 μέτρων
847 3058 919 3154 άμα
940 3068 1015 3183 τῇ
1001 3061 1184 3158 ὑποστάσει
1206 3065 1267 3132 τοῦ

254 3164 378 3247 παντὸς
395 3163 717 3290 ἀναφαινομὲνων,
716 3174 772 3236 καὶ
791 3164 879 3258 μόνα
896 3163 1101 3260 μετρούντων
1118 3164 1163 3238 τά
1178 3161 1266 3234 κατά

251 3266 372 3363 χρόνον
390 3270 506 3360 ἔχοντα
527 3266 548 3352 6
573 3267 633 3354 τὴν
653 3267 839 3340 ὑπόστασιν
859 3268 880 3354 6
901 3268 962 3352 τὴν
983 3272 1159 3360 ἐνέργειαν·
1183 3263 1261 3350 ίίςτε

216 3435 222 3456 ,
255 3380 311 3440 καὶ
340 3371 398 3456 τὴν
423 3369 611 3456 ἐικαστικὴν
635 3374 753 3466 γνῶσιν
775 3369 886 3466 πόρῤω
912 3398 976 3441 που
998 3374 1062 3440 τῶν
1079 3374 1186 3454 θεῶν,
1210 3377 1267 3440 καί

254 3478 288 3545 ἐν
312 3477 352 3570 τῇ
377 3473 624 3570 ἀποπερατιίσει
646 3478 703 3566 τῆς
729 3479 861 3572 λογικῆς
881 3477 964 3562 ζωῆς
985 3475 1014 3558 7)
1047 3471 1264 3566 ἀπερρίηλθαι

253 3574 444 3665 ἀναγκαῖον,
480 3579 617 3649 Ἔπειτα
638 3582 705 3658 πῶς
722 3576 763 3647 ἀν
784 3576 937 3666 δόξαιμεν
955 3576 1042 3648 κατὰ
1057 3573 1163 3668 βραχὺ
1180 3579 1266 3668 γοῦν

254 3678 472 3774 σωφροσύνης
491 3688 649 3772 μετέχειν,
667 3685 705 3778 τῇ
720 3679 835 3770 γνώσει
852 3683 916 3754 τῶν
931 3684 1024 3751 θεῶν
1043 3683 1145 3770 μηδὲν
1166 3683 1267 3748 πλέον

253 3778 420 3864 ἇξιοῦντες
454 3787 512 3868 τῆς
543 3782 702 3878 ἡμετέρας
734 3784 923 3874 ἀπονέμειν,
966 3781 1053 3852 ἀλλὰ
1085 3784 1267 3872 τολμῶντες

254 3882 444 3987 ἀμφίβολον
473 3883 575 3978 ἀυτὴν
605 3897 659 3962 καὶ
674 3885 841 3985 ,ἀόριστον
870 3884 1063 3984 ὁμολογεῑνς
1112 3889 1185 3976 Τῆς·
1199 3883 1266 3990 γὰρ
