2790 4512
232 454 364 569 γνώμης
385 453 491 542 δεξιά,
523 455 700 553 καὶταύτῃ
722 453 916 548 συνῳδάτόι
919 453 1031 575 παρά
1056 458 1124 537 τῆς
1138 449 1245 542 τύχης,

236 566 282 639 εἰς
303 559 439 641 ἑαυτούς
460 558 631 650 μάλλαν”
610 591 630 642 η
653 587 713 642 την
683 562 937 652 γίιμοιρμένην
961 556 1030 640 τὴν
1044 554 1155 626 ἀιτίαν
1184 559 1248 624 τῶν

233 668 433 782 γιγνομένων
470 660 682 732 ἀνάπτουσιν.
730 660 851 730 Ἀλλοι
883 657 971 728 δ’
951 663 994 728 αὖ
1025 663 1132 733 τάν
1122 659 1247 748 8)μὲν

233 757 382 852 ὁεξιῶν
365 762 519 834 απάντων
542 763 564 849 ἢ
584 764 720 845 ἑαυτούς
745 762 766 847 ἢ
794 763 832 832 τό
850 761 989 832 θεῶν’
970 766 1159 846 αιτιῶνται,
1195 765 1248 830 ἐπὶ

203 871 269 961 ὁέ
292 875 361 948 τοῖς
381 871 539 962 χείροσιν
552 872 749 957 ἐπιβοῶνται
771 866 829 950 τὴν
850 870 1054 958 έιμαρμένην.
1100 861 1191 933 Ἐισὶ
1213 868 1250 932 δέ

234 997 318 1050 τινες
335 979 391 1039 καὶ
408 969 523 1060 γόητες
539 969 734 1064 όίνθρωποι,
757 968 788 1040 όί
808 996 892 1049 τινες
911 965 1175 1051 κατανοήσαντες
1189 965 1249 1050 τὴν

197 1083 201 1093 '
234 1076 298 1142 τῶν
321 1077 451 1143 πολλῶν
484 1071 665 1143 ἀσθένειαν
689 1081 762 1168 περὶ
797 1071 857 1156 τὴν
885 1077 942 1156 τῆς
968 1076 1163 1164 εἰμαρμένης
1192 1077 1250 1140 καὶ

234 1179 298 1245 τῶν
316 1174 384 1244 κατ’
413 1174 517 1259 ἀυτὴν
533 1182 730 1266 γιγνομένων
751 1179 877 1271 κρίσιν,
906 1183 961 1245 καὶ
986 1174 1024 1244 τό
1045 1171 1163 1267 ῥηίδιον
1187 1171 1249 1242 ἀυ-
1308 1231 1310 1236 ,

233 1281 296 1348 τῶν
311 1276 367 1347 ὃιόι
386 1283 565 1372 φιλαυτίαν
582 1287 637 1348 καὶ
659 1279 697 1346 τό
718 1284 820 1369 μηδὲν
837 1276 950 1359 ἀντοῐς
966 1285 1110 1348 συνεῖναι
1125 1275 1249 1368 δεξιόν,

233 1379 317 1473 πρὸς
332 1382 442 1449 πίστιν
462 1385 522 1450 τσῦ
539 1377 669 1452 πάντων
689 1385 753 1450 τῶν
767 1380 1044 1475 ἁμαρτανομένων
1058 1379 1117 1463 τὴν
1132 1383 1249 1474 έιμαρ-

233 1488 332 1569 μένην
352 1481 553 1566 αἰτιᾶσθαι,
582 1482 827 1579 ἀποφαίνονται
836 1487 913 1568 ,πᾶν
931 1483 969 1553 τό
988 1480 1179 1572 γιγνόμενον
1198 1485 1250 1571 γί-

232 1591 378 1672 γνεσθαι
393 1584 475 1656 καθ’
492 1591 705 1679 ἐιμοιρμένηυ,
726 1595 782 1656 καὶ
801 1592 912 1678 τέχνην
926 1585 1157 1680 ὑποκρίνονται
1173 1611 1247 1656 τινα

232 1685 412 1772 τοιαύτην,
447 1688 529 1759 καθ’
564 1687 605 1774 ἣν
630 1699 735 1786 φασίν
768 1688 833 1763 ὁῐοί
860 1715 895 1760 τε
910 1694 1004 1760 ’ἐῖναι
1029 1686 1139 1758 πάντα
1158 1716 1246 1782 Ιπρο-

232 1790 423 1881 γιγνώσκειν
449 1820 486 1880 τε
519 1800 575 1862 καὶ
599 1791 821 1888 προμηνύσειν
848 1792 890 1863 τόι
919 1791 1067 1872 όπωςοιίν
1092 1789 1247 1882 ἐσόμενα,

231 1898 279 1989 τῷ
298 1900 402 1986 μηδὲν
426 1894 534 1966 ἀυτῶν
561 1899 742 1986 γίγνεσθαι
766 1904 866 1990 χωρὶς
891 1893 1035 1984 ἀνάγκης
1060 1894 1165 1978 τινός,
1206 1891 1247 1979 ἣν

233 2002 430 2092 ίιμαρμένην
457 2006 606 2088 λέγουσι·
640 2008 695 2069 καὶ
720 1998 878 2087 λαβόντες
904 1997 1058 2087 βοηθούς
1085 1997 1164 2078 τούς
1191 2009 1246 2070 καί

189 2155 192 2162 .
232 2103 292 2182 τῆς
313 2107 425 2190 τέχνης
446 2100 553 2170 ἀυτῶν
569 2100 711 2183 ἀιτίους,
733 2101 956 2170 ἀναπείθουσι
979 2100 1055 2181 τούς
1075 2104 1246 2180 πλείστους

233 2206 298 2270 τῶν
311 2200 517 2296 ἀνθρώπων,
539 2206 572 2274 ἐν
587 2213 660 2285 ταῖς
673 2202 903 2299 περιστάσεσιν
923 2203 1037 2285 ἀστοῖς
1058 2209 1245 2293 ἐπιτιθέμε-

233 2330 286 2374 νοι
297 2313 353 2376 καὶ
368 2313 440 2387 ταῖς
457 2316 648 2404 συμφοραῖς
653 2306 756 2399 μόνον
768 2307 826 2377 οὐκ
838 2313 1021 2398 ἐυχομένοις
1032 2306 1128 2376 τοῦθ’
1143 2303 1246 2386 όύτως

233 2408 308 2498 ἐγου
332 2414 496 2505 φανῆναι,
529 2407 616 2479 κατά
642 2438 717 2482 τινα
745 2408 861 2505 τριβήν
884 2437 918 2478 τε
943 2418 998 2479 καὶ
1022 2416 1095 2503 περὶ
1116 2407 1160 2478 τό
1176 2435 1245 2477 τοι-

233 2515 321 2580 αῦτα
340 2511 468 2582 σύνεσιν
489 2518 518 2597 9)
545 2521 600 2583 καὶ
620 2517 678 2598 τῆς
701 2519 734 2584 ἐν
758 2525 827 2593 τοῖς
848 2509 1013 2592 τοιούτοις
1038 2510 1244 2592 ἀκολουθίας

231 2617 383 2709 θεωρίαν
414 2623 628 2711 προλέγοντες
660 2613 821 2706 ἐυστόχως
847 2615 923 2684 τινά
949 2619 1013 2685 τῶν
1045 2622 1115 2697 τοῖς
1141 2612 1243 2695 όύτως

230 2718 361 2806 ἐγονσιν
377 2718 577 2801 ἀκολούθως
591 2724 765 2810 ἐσομένων,
788 2717 830 2798 ὡς
846 2718 886 2802 δὴ
903 2716 987 2787 τοῦτ’
1006 2721 1040 2786 ἐκ
1056 2722 1115 2801 τῆς
1134 2724 1243 2808 τέχνης

230 2824 290 2904 τῆς
310 2828 384 2914 περὶ
405 2821 464 2905 την
485 2827 681 2916 έιμαρμὲνην
701 2829 848 2918 λέγοντες
869 2820 1019 2911 μισθούς
1040 2819 1099 2890 ούκ
1114 2819 1242 2909 ὀλίγους

230 2920 312 3016 ὑπὲρ
349 2927 406 3008 τῆς
435 2923 592 3016 τοιαύτης
624 2929 834 3016 κακοτεχνίας
864 2929 1062 3014 ἐκλέγοντες,
1098 2921 1242 3014 ἀσμένως

230 3024 345 3107 ἀντοῖς
365 3029 430 3095 τῶν
448 3033 653 3150 πειρωμένων
670 3027 827 3098 διδόντων
844 3026 887 3110 ὡς
906 3033 1054 3116 βοηθοῖς
1070 3035 1126 3096 καὶ
1144 3052 1240 3109 σννη-

229 3127 344 3224 γόροις
369 3133 433 3200 τῶν
461 3128 586 3200 οἰκείων
606 3129 861 3254 ἁμαρτημάτων.
909 3133 948 3200 θλ
973 3138 1029 3198 καὶ
1053 3129 1131 3209 τούς
1155 3131 1241 3198 πλεί-

231 3258 331 3316 στους
359 3237 422 3303 τῶν
445 3230 683 3326 ἀνθρώπων
663 3237 914 3318 αναπεπείκασι,
950 3231 990 3302 δι
1021 3230 1141 3325 ἀργίαν
1160 3230 1241 3327 ἀφε-

228 3342 346 3424 μένους
369 3341 431 3406 τού
454 3342 601 3420 σκοπεῖν,
639 3331 702 3420 ίίπη
723 3346 808 3405 ποτέ
832 3341 938 3406 ταῦτα
959 3337 1041 3428 ἔχει,
1074 3363 1129 3404 και
1152 3361 1200 3416 τις
1219 3363 1239 3419 η

228 3436 352 3520 τάξις
336 3466 370 3508 εν
388 3447 457 3522 τοῖς
476 3438 551 3512 όῦσι
571 3466 630 3523 της
647 3442 862 3532 έιμαρμένης,
882 3438 991 3510 πάντα
1010 3438 1053 3508 τόι
1065 3435 1240 3528 γιγνόμενα

228 3537 310 3618 καθ’
339 3544 534 3634 έιμαρμένην
554 3545 731 3632 γίγνεσθαι
753 3548 866 3630 λέγειν.
905 3540 993 3612 Ἀλλ’
1019 3541 1127 3625 ἐπειδὴ
1155 3545 1238 3630 μηδὲ

228 3647 261 3710 οί
284 3639 372 3714 πάνυ
393 3646 453 3730 τὴν
478 3650 675 3740 ἐιμαρμένην
701 3642 914 3736 ἐπιβοώμενοι
936 3649 970 3716 ἐν
988 3656 1061 3725 ταῖς
1077 3641 1162 3712 κατά
1181 3642 1239 3714 τόν

227 3747 302 3831 βίον
324 3745 479 3842 πράξεσιν
503 3753 604 3846 ἐκείνη
633 3753 812 3845 φαίνονται
835 3745 944 3817 πάντα
975 3752 1237 3830 πεπιστευκέναι,

226 3847 361 3931 (ἱκανόν
399 3850 463 3945 γὰρ
496 3851 644 3936 τάληθὲς
678 3857 883 3942 μαχομένους
916 3849 1037 3932 ἀυτούς
1068 3847 1238 3944 ἀποφῆναι
