2694 4508
193 549 287 623 quas
308 550 399 599 cum
423 521 465 598 in
491 509 614 598 almae
637 518 780 621 patriae
806 530 844 594 et
867 518 1024 618 reliquis
1050 521 1204 598 Helve-
1298 501 1304 660 i
1344 516 1347 537 ⁴

191 645 267 720 tiae
287 641 532 720 bibliothecis
556 639 721 740 publicis
750 639 886 713 frustra
912 638 1205 736 quaesivissem,
1281 674 1303 742 s,
1345 634 1347 639 ’

192 789 262 865 per
287 765 412 838 literas
438 763 516 836 adii
537 759 753 836 Benekium
774 758 1026 833 Professorem
1047 760 1207 836 thtin-
1345 758 1347 779 ¹

193 908 372 980 gensem,
416 882 484 980 qui
507 881 585 958 'vir
626 877 920 953 humanissimus
957 891 995 952 et
1032 876 1107 952 iam
1149 881 1207 955 de
1290 976 1294 982 ι
1340 875 1346 903 ⁸

189 1001 371 1102 Epistolis
385 1000 597 1093 Socraticis,
624 1000 835 1074 Memnone
849 998 1087 1091 Heracleota,
1099 998 1206 1073 aliis·
1337 994 1343 1021 ⁴

103 1171 106 1176 -
186 1147 272 1220 -que
302 1148 325 1197 a
353 1145 416 1197 me
448 1119 586 1196 curatis
614 1119 849 1194 Graecorum
874 1118 1103 1218 scriptorum
1119 1118 1205 1194 edi·

194 1239 364 1314 tionibus
398 1239 541 1339 optime
573 1238 729 1314 meritus
755 1237 865 1312 brevi
896 1237 999 1311 misit
1027 1237 1204 1313 collatio-
1293 1218 1296 1251 '

193 1384 285 1434 nem
310 1341 510 1457 utriusque
543 1357 707 1431 Aldinae
732 1383 822 1430 cum
858 1356 1025 1431 editione
1054 1359 1205 1434 Londi-

192 1477 303 1554 nensi
320 1476 599 1550 accuratissime
616 1476 752 1549 tactam
774 1503 796 1548 a
819 1475 971 1549 duobus
997 1473 1216 1550 Seminarii‘
1290 1496 1295 1587 f
1346 1492 1347 1501 ’

194 1593 425 1692 Philologici
456 1594 659 1668 sodalibus.
710 1594 932 1670 Editionem
961 1596 1027 1698 Io.¹
1046 1593 1202 1688 Caselii,
1343 1594 1347 1603 ⁴

194 1715 263 1813 qui
285 1714 345 1790 vir
371 1714 545 1788 doctrina
566 1726 604 1788 et
627 1715 805 1790 acumine
825 1717 975 1814 pollens
991 1717 1076 1788 loca
1094 1716 1211 1789 haud¹
1285 1691 1293 1882 ἑ

185 1847 316 1933 ¹pauca
334 1834 553 1910 emendavit
575 1834 734 1930 egregie,
762 1834 961 1908 Rostochii
976 1834 1067 1910 1588
1076 1835 1203 1910 torma
1247 1865 1255 1880 ·

196 1966 330 2051 quarta
356 1979 532 2028 excusam
554 1955 742 2032 benevole
762 1977 916 2027 mecum
943 1954 1203 2027 communica·
1277 1888 1289 2052 l

186 2085 274 2145 tam
288 2098 309 2143 a
323 2071 525 2146 Frederico
542 2070 746 2159 Creuzero,
766 2071 861 2148 Viro
880 2071 1111 2164 doctissimo,
1121 2073 1204 2171 ipse

199 2189 348 2263 contuli
382 2215 472 2262 cum
503 2216 580 2262 una
611 2216 725 2287 quarn
751 2188 1094 2288 ipsepossidebam
1125 2192 1203 2265 edi-

196 2309 302 2384 tione
322 2308 561 2382 Londinensi
590 2306 683 2416 1658
710 2308 889 2407 impressa
916 2303 1012 2408 typis
1029 2309 1203 2384 Thomae
1243 2309 1245 2313 ’

188 2427 393 2527 Βογοοοῆ.
430 2427 531 2502 Usus
562 2453 645 2498 sum
675 2429 788 2501 etiam
817 2427 1016 2527 Capitibus
1042 2429 1205 2503 Alexan·
1284 2456 1287 2525 ι
1325 2423 1342 2470 V

198 2546 256 2620 dri
283 2545 494 2646 quaecum
526 2546 755 2620 lectionibus
782 2547 828 2619 ab
856 2546 964 2620 editis
992 2548 1097 2621 haud
1114 2572 1200 2622 raro

1335 1924 1340 1944 l

1328 1949 1345 1995 ο

1323 2158 1341 2231 h

1327 2664 1347 2709 st

965 2707 1177 2720 »ann—.—

198 2787 271 2873 περὶ
294 2783 498 2871 ἑιμαρμὲυης.
523 2781 665 2856 Venetiis
689 2803 740 2864 ap.
763 2783 882 2846 Aldum
905 2784 999 2848 1534.
1022 2783 1115 2850 folio.
1131 2785 1200 2848 Po·

107 2875 111 2890 ’
201 2885 343 2950 sterioris
366 2897 487 2948 autem:
518 2880 698 2973 Ζητὴμοιτα
716 2879 932 2976 Ἀλεξάνδρου
954 2882 1095 2976 φυσικά,
1131 2891 1203 2976 περὶ
1287 2871 1291 2975 ἱ

198 2989 328 3080 ψυχῆς,
365 2984 588 3079 Μετάφρασις
609 2990 643 3054 ἐκ
669 2988 732 3054 τῶν
757 2987 950 3075 Δυμασκίου
972 2989 1017 3064 ἐις
1038 2983 1097 3053 τὸυ
1116 2990 1203 3076 πρῶ·

201 3088 258 3158 του
279 3095 351 3181 περὶ
373 3087 516 3181 οὐρανοῦ
536 3090 676 3177 βιβλίον.
725 3083 885 3176 Ἐπιτομὴ
918 3086 1051 3177 σχολικὴ
1085 3091 1131 3166 See
1162 3087 1205 3156 τά
1284 3087 1290 3163 l

120 3277 123 3282 Ι
201 3191 355 3284 depuisa
377 3197 431 3260 καὶ
453 3189 491 3260 τὸ
514 3219 536 3273 η
557 3197 629 3280 περὶ
652 3193 793 3285 φυσικῆς
813 3191 939 3278 βιβλία.
988 3187 1204 3283 Θεοφράστου
1288 3204 1290 3247 l

202 3301 275 3387 περὶ
296 3290 488 3377 άισθήσεως
509 3295 640 3381 βιβλίον
651 3346 660 3375 ,
681 3295 890 3382 Πρισκιαυοῦ
904 3289 1019 3360 Λάὸου
1034 3290 1205 3387 μετάφρα-
1286 3266 1289 3311 ¹
1339 3324 1343 3334 ·

203 3420 256 3476 σις
276 3401 338 3467 τῶν
365 3394 585 3491 Θεοφράστου
613 3402 685 3485 περὶ
713 3392 915 3477 άισθὴσεως.
960 3399 1091 3461 Venetis
1120 3398 1203 3480 typis
1289 3449 1290 3456 ,

203 3501 279 3566 Aldi
300 3514 330 3565 ct
353 3502 486 3565 Asulani
509 3499 686 3565 metiret.
731 3499 794 3564 Sed
822 3501 854 3564 in
880 3500 1111 3583 exemplaribus
1136 3521 1204 3566 om·

204 3595 314 3681 nibus,
344 3626 424 3688 quae
447 3629 517 3669 cum
538 3600 722 3680 Fabricius,
745 3617 812 3666 tum
834 3603 1030 3667 doctissimus
1054 3602 1204 3665 Blochius

206 3707 354 3789 inspexit,
378 3707 482 3774 insunt
503 3720 621 3772 tanturn
638 3706 811 3771 Alexandri
828 3705 1033 3785 Quaestiones
1051 3704 1204 3784 Physieae

205 3831 274 3873 curn
296 3812 379 3876 libro
403 3813 441 3874 de
463 3812 563 3889 Fato,
597 3811 717 3875 omissis
740 3808 867 3894 reliquis
890 3829 970 3890 quae
993 3808 1104 3872 titulus
1126 3831 1204 3892 pro·

207 3914 343 3978 miserat.
