2694 4508
1072 330 1112 394 13

101 515 216 560 eornm
238 491 469 579 quaeratione
490 493 569 558 finnt
591 491 757 579 quicquam
780 514 873 562 causa
895 497 1018 563 evenit:
1055 503 1112 564 sed

102 599 210 680 omnia
231 598 289 664 illa
312 597 402 683 quasi
435 600 475 663 ad
502 621 635 683 scopum
657 599 788 686 aliquem
811 601 1001 688 diriguntur.
1044 604 1112 668 Ra-

101 703 188 770 tione
211 717 322 770 autem
344 704 441 782 finnt,
480 725 693 789 quaecumque
721 705 801 770 fiunt
828 708 1051 773 alacientibus
1074 731 1111 774 ea

100 823 275 896 postquam
297 809 560 887 deliberaverint,
595 832 632 874 ac
654 810 766 874 deinde
787 811 1006 882 constituerint
1028 836 1110 898 quo·

101 918 198 980 modo
221 913 366 998 quidque
386 913 561 978 faciendum
583 915 634 992 sit,
658 912 761 998 qualia
783 927 856 977 sunt
877 937 957 1000 quae
979 931 1109 982 exarte

99 1019 179 1086 liunt
201 1029 257 1082 aut
278 1017 415 1102 praevia
437 1017 590 1100 optione,
629 1039 709 1102 quae
730 1017 912 1082 notabiliter
933 1019 1048 1084 distant
1069 1024 1109 1086 ab

98 1122 158 1188 illis
181 1143 266 1206 quiae
287 1133 402 1184 natura
430 1121 531 1197 liunt;
567 1143 639 1184 nam
671 1142 751 1205 quae
779 1133 891 1184 namma
917 1122 997 1186 liunt
1027 1123 1110 1190 intra

97 1249 132 1292 se
155 1228 277 1289 babent
298 1223 488 1310 principium
518 1245 705 1315 causamque
726 1229 808 1289 unde
835 1225 1011 1292 exsistunt:
1045 1229 1109 1292 tale

96 1342 147 1394 est
180 1329 264 1394 enim
298 1341 424 1393 natura.
489 1330 533 1392 Et
563 1328 644 1392 fiunt
681 1349 792 1394 eornm
832 1332 983 1413 quaedam
1018 1343 1108 1396 certo

97 1433 213 1500 ordine
234 1454 303 1497 non
325 1443 428 1496 tamen
450 1434 537 1516 quod
558 1429 703 1496 effectrix
730 1444 842 1496 natura
871 1433 955 1498 circa
988 1456 1025 1498 ea
1052 1435 1109 1500 tali

96 1549 207 1602 utatur
244 1557 414 1600 causarum
453 1535 677 1612 alternatione,
723 1535 808 1619 quali
842 1548 973 1602 utuntur
1009 1549 1107 1604 artes.

94 1641 141 1706 At
162 1661 247 1725 qnae
278 1661 322 1702 ex
353 1650 421 1702 arte
453 1639 505 1704 vel
533 1637 664 1722 optione
689 1638 785 1716 fiunt,
823 1652 915 1704 extra
935 1663 970 1704 se
990 1641 1109 1706 habent

95 1743 292 1828 principium
324 1764 399 1808 suae
430 1741 581 1806 motionis
610 1753 641 1805 et
669 1763 794 1806 cansam
823 1743 993 1826 opificem,
1041 1766 1108 1810 non

94 1845 179 1912 intra
199 1847 296 1932 ipsa:
329 1857 495 1928 praeterea
523 1847 564 1910 ad
595 1865 631 1909 ea
658 1848 861 1927 producenda
883 1867 977 1910 causa
998 1847 1109 1930 opifex

94 1950 227 2016 rationis
267 1970 414 2026 examen
437 1947 577 2014 adhibet.
642 1947 786 2012 Tertium
828 1951 953 2014 tandem
995 1971 1107 2018 eorum

95 2077 175 2140 qnae
197 2051 332 2118 alicuius
357 2039 461 2137 gratia
482 2052 561 2116 fiunt
593 2051 700 2116 locum
722 2053 840 2117 babent
860 2073 897 2117 ea
919 2073 1000 2136 quae
1019 2053 1107 2119 forte

95 2171 146 2224 aut
180 2181 259 2224 casn
293 2156 423 2220 evenire
455 2159 644 2232 creduntur;
690 2177 770 2241 quae
809 2155 959 2220 differunt
996 2158 1037 2220 ab
1068 2156 1106 2222 iis
1132 2133 1155 2201 ’ἶ

96 2283 176 2346 qnae
208 2261 330 2326 directe
353 2257 484 2324 alicuius
516 2281 597 2346 ergo
629 2259 730 2337 finnt,
773 2261 862 2345 quod
883 2258 915 2322 in
942 2259 992 2324 his
1014 2259 1104 2344 quic·

96 2365 174 2450 quid
210 2375 282 2428 ante
314 2363 542 2428 assecutionem
584 2362 744 2448 propositi
775 2363 830 2440 fit,
881 2362 914 2427 id
951 2363 988 2426 fit
1027 2362 1106 2428 alius

94 2467 257 2552 propositi
279 2465 406 2552 gratim
439 2466 472 2530 in
493 2465 555 2532 illis
577 2480 658 2531 vero
688 2487 725 2530 ea
752 2487 832 2550 quae
860 2477 931 2530 ante
960 2467 1104 2552 adeptio·

96 2593 165 2634 nem
211 2569 317 2647 fiunt,
372 2568 453 2634 liunt
488 2569 616 2634 alterius
653 2568 701 2634 rei
743 2567 959 2652 adipiscendae
987 2569 1103 2656 gratia.

96 2675 160 2738 Sed
188 2674 275 2750 illis,
313 2675 386 2736 dum
414 2671 462 2737 rei
494 2671 622 2736 alterius
655 2693 735 2758 ergo
763 2671 863 2748 finnt,
909 2672 1037 2736 obviam
1068 2672 1106 2736 fit

97 2777 164 2843 vice
185 2774 425 2862 proposierit,
466 2777 553 2860 quod
572 2776 703 2842 somma
728 2796 864 2858 casuque
885 2775 955 2842 lieri
976 2774 1104 2842 tiene.

577 3090 624 3155 V.

157 3193 253 3258 Haec
274 3213 346 3258 ctuu
369 3193 415 3258 sic
432 3215 467 3260 se
483 3195 640 3271 habeant,
680 3205 712 3258 ct
739 3215 820 3278 quae
842 3194 920 3257 litmt
941 3193 1044 3258 omnia
1071 3195 1102 3258 in

94 3317 148 3360 cas
168 3318 251 3382 quas
273 3298 522 3380 nuncupavimus
545 3298 660 3361 classes
682 3296 744 3361 sint
766 3297 952 3373 distributa,
987 3317 1101 3362 conse·

96 3421 196 3482 quens
230 3410 282 3464 est
308 3398 418 3464 videre
445 3399 479 3464 in
501 3421 594 3483 quem
616 3421 744 3464 censum
766 3419 929 3463 causarum
952 3399 1103 3484 opificum

94 3501 233 3566 adscribi
263 3501 364 3566 latum
400 3503 524 3566 debeat.
583 3503 636 3566 An
672 3501 703 3566 in
740 3523 851 3566 eornm
879 3521 959 3584 quae
988 3504 1102 3570 nullius

94 3625 176 3690 ergo
204 3603 313 3668 liunt?
360 3604 406 3668 At
427 3624 507 3671 vero
529 3606 594 3670 hoc
617 3607 846 3688 perabsurdum
874 3615 941 3668 est:
979 3625 1103 3691 semper

94 3707 178 3772 enim
210 3729 283 3772 cum
307 3708 467 3790 propositi
499 3708 628 3772 alicuius
659 3707 851 3792 cogitatione
884 3709 956 3773 Fati
989 3731 1102 3776 vocem

93 3809 242 3892 ponimus
280 3810 404 3895 quoties
448 3811 577 3895 aliquod
613 3811 696 3876 Fato
741 3810 870 3874 dicimus
914 3811 1100 3894 provenire.

97 3913 205 3992 Quare
228 3912 358 3978 omnino
381 3913 493 3978 Fatum
518 3915 603 3980 circa
625 3935 662 3976 ea
684 3914 903 3980 collocandum
928 3927 995 3990 est,
1021 3936 1100 3998 quac
