2718 4506
310 479 367 544 ,ἰν
388 500 462 566 gen.
486 476 783 554 demulcentem,
818 477 940 559 eopia,
972 477 1058 545 nube
1079 478 1141 559 (ut.
1165 479 1202 542 h.
1224 481 1249 544 I.

336 585 546 660 causarum.)
568 581 618 642 Ita
639 579 734 642 Plato
757 576 895 640 Menon.
915 597 950 659 p.
975 578 1026 640 72.
1048 580 1129 667 μίαν
1144 581 1250 672 ζητῷν
1340 615 1341 690 γ

317 681 453 776 ,ἀρετὴν
474 677 596 771 σμῆνὸς
616 705 649 746 τι
670 675 831 770 ἀνεύρηκα
852 675 975 764 ἀρετῶν
994 677 1087 772 νεαροὶ
1109 705 1167 750 σοι
1187 683 1252 752 κεί·
1340 719 1341 724 ’

333 811 431 875 μενον
452 798 483 849 et
504 787 542 849 de
564 783 704 866 Republ.
727 783 792 846 IX.
814 803 890 867 pag.
915 783 988 846 574.
1020 781 1105 852 πολὺ
1128 787 1166 852 δὲ
1186 784 1250 868 ἤδη

335 891 572 974 ξυνειλεγμένον
600 888 633 951 ἐν
660 881 749 975 ἀντῷ
770 871 789 978 ᾖ
811 881 849 950 τὸ
876 884 938 952 τῶν
965 880 1089 966 ἡδονῶν
1118 889 1253 974 σμῆνος.

337 992 436 1058 Conf.
459 990 629 1054 Heindorf.
653 991 692 1052 ad
714 988 877 1068 Cratylum
899 1007 975 1073 pag.
999 989 1051 1054 65.
1076 987 1249 1055 Caeterum
1341 1034 1342 1072 γ

336 1098 435 1160 verba
457 1116 476 1158 a
497 1094 619 1180 σμῆνος
639 1089 702 1181 γὰρ
723 1110 830 1174 usque.
845 1092 885 1174 aa
897 1095 968 1180 περὶ
984 1093 1040 1171 τῆς
1054 1093 1252 1183 ἑιμαρμὲνης

337 1193 503 1284 δόγματος
523 1217 587 1258 uno
615 1194 836 1277 parentheseos
865 1193 958 1277 signo
987 1193 1111 1258 inclusi.
1169 1198 1251 1260 Nam

337 1300 478 1383 sequitur
500 1300 622 1360 demum
643 1295 806 1376 Apodosis
829 1295 935 1358 verbis
959 1292 1119 1368 ὄντωνδὲ
1139 1294 1251 1366 πλειό-

337 1426 402 1469 νων
423 1397 534 1467 ἆοτὶων
555 1411 616 1462 etc.
661 1398 734 1478 (O.)
945 1412 948 1419 '

276 1562 335 1643 ia)
356 1556 496 1646 τὰμὲν
516 1554 880 1648 προκοιτορκτικά,
902 1554 952 1624 τοὶ
974 1560 1015 1624 δὲ
1037 1551 1252 1642 saraitae,

339 1658 632 1740 eutitianae,
655 1657 1253 1742 taitavrsxrrxaffleneschult·

339 1767 434 1831 hess:
471 1769 517 1830 sie
535 1764 657 1828 theilen
681 1763 842 1827 dieselben
856 1765 894 1825 'in
910 1761 1082 1844 folgende
1107 1764 1253 1830 Klasseu

345 1867 408 1932 ab:
427 1855 730 1946 Hauptursaeiieu‚
744 1861 1035 1939 Nebenursaehen,
1055 1859 1252 1929 nachstror·

290 2028 291 2032 ,
342 1963 547 2046 hergehende
582 1963 653 2025 uad
677 1961 891 2043 begleitentie.
947 1963 1021 2024 Huc
1052 1963 1129 2026 facit
1161 1965 1252 2029 etiam

341 2064 505 2130 Ciceronis
529 2065 617 2126 loeus
641 2063 677 2122 de
700 2063 781 2124 Fato
804 2061 887 2145 Cap.
911 2063 1046 2130 XVIII.
1079 2051 1253 2132 abeodem

342 2165 555 2230 Schulthessio
578 2165 699 2256 citatus.
746 2165 947 2247 Chrysippus
959 2207 978 2242 ,¹
991 2188 1070 2230 cum
1089 2179 1122 2232 et
1141 2189 1252 2235 neees-

343 2272 476 2332 sitalem
493 2266 709 2348 improbaret,
729 2276 761 2330 et
777 2266 863 2326 nihil
881 2265 979 2328 vellet
992 2270 1061 2330 sine
1078 2272 1256 2350 praeposi·
1343 2267 1344 2272 ’

344 2370 385 2430 tis
409 2351 521 2430 causis
537 2353 681 2446 ereaire,
708 2384 892 2427 causarum
909 2386 1035 2446 genera
1057 2367 1254 2451 distinguit,

343 2474 381 2529 at
405 2475 438 2530 et
458 2467 688 2529 necessitatem
710 2465 879 2545 effugiat,
913 2474 945 2527 et
965 2467 1107 2528 retineat
1119 2467 1254 2545 fatum.

347 2567 536 2628 Causarum
556 2566 661 2640 euim,
682 2564 809 2644 iuquit,
831 2565 923 2626 aliae
940 2564 1210 2652 suut'perfeotae
1222 2575 1254 2630 et

252 2708 255 2712 -
343 2664 571 2744 principales,
605 2663 698 2724 aliae
720 2661 918 2726 adiurantes
942 2673 974 2727 et
993 2666 1188 2743 proximae.
1207 2699 1222 2714 ·
1240 2698 1255 2712 -

344 2763 464 2844 ltaque
490 2765 539 2823 sio
565 2761 734 2823 accurrit:
768 2761 808 2822 Si
829 2763 943 2822 omnia
962 2763 1049 2840 sato
1070 2761 1183 2842 fiant,
1208 2785 1253 2828 se·

345 2863 408 2943 qui
427 2859 518 2922 illud
539 2859 694 2943 quidem,
725 2868 762 2921 ut
783 2863 899 2922 omnia
917 2863 1029 2927 causis
1048 2859 1143 2936 fiant
1164 2872 1254 2927 aute-

342 2960 486 3038 positis,
517 2979 629 3020 verum
655 2979 721 3021 non
745 2959 993 3038 priucipatibus
1016 2969 1049 3024 et
1071 2960 1252 3040 perfectis,

338 3055 397 3122 sed
408 3054 644 3118 adiuvantibus
656 3066 689 3120 et
702 3059 887 3137 proximis,·
912 3078 1002 3141 quae
1020 3061 1051 3120 si
1070 3060 1164 3138 ipsae
1183 3081 1250 3121 non

343 3158 409 3218 sint
431 3157 465 3216 in
487 3164 602 3216 nostra
620 3164 802 3234 potestate,
825 3178 892 3220 non
906 3160 1058 3239 sequitur
1077 3167 1115 3220 ut
1133 3179 1175 3221 ue
1194 3178 1255 3240 ap·

342 3258 468 3336 petitus
490 3252 625 3337 quidem
644 3275 713 3316 aon
734 3256 778 3315 sit
807 3255 841 3317 in
860 3265 976 3318 nostra
995 3265 1173 3337 potestate.
1213 3257 1253 3322 At

338 3354 410 3416 ,Ιιοο
426 3362 636 3436 sequeretur,
659 3354 691 3416 εἰ
702 3355 817 3416 omnia
837 3354 998 3434 perfectis
1023 3364 1055 3418 et
1077 3356 1253 3437 principa-

344 3451 431 3514 tibus
453 3455 564 3515 causis
576 3449 661 3527 fieri
679 3450 879 3530 diceremus,
906 3462 961 3528 ut,
984 3441 1064 3516 oum
1082 3455 1147 3517 hae
1170 3473 1253 3518 eau-

343 3570 401 3612 eae
424 3573 491 3614 aon
509 3560 615 3614 essent
638 3551 673 3612 in
690 3561 806 3614 nostra
822 3560 1007 3633 potestate,
1034 3573 1075 3616 ne
1097 3553 1159 3616 itte
1179 3555 1253 3636 qui-

347 3647 522 3714 demesset
545 3651 580 3710 iu
602 3660 718 3712 nostra
742 3660 916 3731 potestate.
968 3647 1256 3741 Προκοιτάρχοντα

294 3768 296 3773 ’
323 3821 326 3828 .
342 3753 396 3814 καὶ
411 3745 696 3838 προκαταρκτιτὰ,
718 3746 945 3838 προηγούμενοι
955 3757 1010 3819 καὶ
1023 3755 1257 3840 ’συνεζευγμένα

342 3843 434 3918 dieta
456 3870 562 3914 euersas
585 3851 676 3916 etiam
698 3855 882 3949 morborum
903 3851 1046 3928 recenset
1072 3856 1256 3926 Alexander
