2748 4514
957 273 1101 361 ¹st

99 457 179 502 vero
213 437 355 510 malum,
394 453 496 516 neque
527 432 624 498 ullum
650 433 732 498 aliud
761 449 807 502 est
835 438 946 502 animal
971 440 1103 506 istomm
1164 437 1169 456 ‘

90 562 224 622 capax,
261 538 409 621 plerique
435 547 536 600 autem
556 536 698 604 homiues
722 539 835 615 mali,
858 541 922 605 imo
949 542 1005 606 vix
1022 567 1102 608 unus

95 656 127 706 et
151 644 237 706 alter
261 645 367 708 bonus
388 638 487 705 tuisse
513 640 553 703 ab
578 639 639 704 iilis
664 643 796 706 docetur
824 655 971 728 tanquam
991 646 1103 710 animal

97 745 286 810 admit-abite
299 767 339 808 ac
359 754 488 824 praeter
504 753 672 819 naamam,
692 756 724 806 et
744 765 784 808 eo
805 746 860 828 qui
881 749 1103 829 apudAEthio.

98 869 156 930 pes
185 871 257 912 esse
283 858 497 921 memoratur,
527 846 688 922 Phoenice
709 848 832 924 ran'us,
869 873 995 916 rursum
1023 876 1103 918 vero

100 952 174 1014 maii
209 973 320 1016 omncs
358 949 441 1014 inter
469 971 502 1012 se
533 969 648 1032 pares,
692 951 736 1014 ita
763 965 799 1014 ut
827 953 902 1015 nihil
931 955 1009 1018 alius
1041 958 1103 1022 alio

100 1054 219 1130 distet3
241 1053 401 1120 insaniunt
423 1065 526 1118 autem
544 1073 652 1116 omnes
675 1054 729 1136 qui
753 1077 818 1120 nou
843 1069 915 1119 sunt
935 1058 1101 1140 sapientes,

98 1159 268 1239 quomodo
303 1179 368 1224 non
406 1156 628 1220 misserrimum
665 1133 802 1222 omnium
838 1159 1037 1224 animantium
1065 1163 1105 1226 sit

98 1261 204 1326 homo
226 1261 383 1328 hahensa
411 1271 523 1324 natura
543 1271 576 1322 et
600 1259 709 1323 vitium
735 1271 767 1324 et
793 1261 942 1326 insaniam
962 1263 1023 1327 sibi
1042 1287 1105 1347 pto

103 1375 199 1426 sorte
221 1363 378 1426 attributa.
438 1364 501 1426 Sed
525 1383 605 1446 quae
631 1363 677 1426 illi
696 1368 859 1445 paradoxa
889 1367 921 1430 in
950 1369 1105 1451 dogmatis

102 1466 171 1528 suis
198 1465 324 1542 dicunt,
359 1477 514 1548 quatenus
542 1487 659 1530 aveto
682 1467 869 1545 dissideant,
908 1475 1103 1551 expendere,

101 1567 133 1628 in
164 1589 316 1650 praesens
341 1568 477 1630 maxima
507 1589 547 1629 ex
578 1579 669 1648 parte
703 1571 1011 1650 praetermittendum
1040 1587 1104 1649 est3

102 1674 328 1740 revertendum
350 1693 431 1738 vero
452 1671 485 1735 in
508 1669 590 1738 viem
611 1673 693 1736 unde
715 1671 849 1756 digressi
872 1697 990 1738 sumus.

538 1987 672 2049 XXIX.

168 2087 372 2156 Ostendisnus
403 2100 507 2156 autem
534 2091 606 2158 ideo
634 2091 665 2153 in
687 2103 846 2172 potestate
875 2113 944 2155 esse
972 2093 1107 2157 hominis

108 2192 207 2272 probi
233 2194 320 2274 quod
343 2192 415 2256 talis
443 2193 505 2268 sit,
544 2192 618 2275 quia
642 2193 796 2257 eiusmodi
821 2197 1025 2263 assuetudinis
1050 2217 1110 2278 pet·

109 2315 206 2376 φιωιι
226 2295 368 2376 probitas
392 2296 582 2378 aequitiae,
615 2295 757 2378 ipsesibi
778 2311 957 2362 causaest:
992 2300 1110 2380 quippe

104 2397 160 2480 qui
174 2410 207 2463 et
215 2397 332 2462 notatis
344 2399 435 2462 fleret
443 2398 618 2462 libertatem
626 2411 716 2461 antea
729 2400 849 2462 habuit.
873 2401 942 2462 Iam
954 2413 1035 2463 ver‘o
1045 2421 1110 2464 non

107 2502 237 2583 amplisu
268 2504 387 2566 habere
411 2503 495 2566 illam
521 2502 633 2586 agendi
660 2501 860 2575 facilitatem,
898 2503 967 2564 sive
988 2504 1111 2566 firmam

109 2605 363 2672 constitutionem
385 2627 450 2689 non
475 2617 523 2668 est
544 2606 574 2667 in
604 2605 700 2686 ipsius
724 2616 901 2688 potestate,
948 2604 1028 2668 sieut
1053 2624 1111 2668 uec

107 2717 192 2772 stare
207 2707 239 2770 in
251 2708 318 2774 eius
331 2709 372 2772 sit
383 2721 550 2790 potestate,
565 2708 663 2790 quise
678 2710 716 2770 dc
728 2709 792 2771 alto
807 2707 1011 2788 praecipitem
1021 2707 1106 2784 iecit,

107 2831 177 2874 cum
191 2823 295 2874 tamen
306 2811 485 2895 libertatem
503 2813 648 2873 habuerit
659 2832 693 2873 se
711 2810 936 2899 praecipitandi
960 2812 1014 2872 vel
1031 2803 1109 2874 non.

108 2915 150 2976 At
172 2936 251 2978 vero
279 2917 320 2978 ad
342 2915 481 2978 actiones
509 2917 595 2997 quod
617 2913 747 2991 attinet,
770 2933 847 2995 quas
870 2934 911 2975 ex
934 2911 989 2976 illa
1009 2915 1110 2977 fatili-

109 3029 171 3080 tate
203 3018 290 3101 agit,
346 3039 454 3080 earum
497 3020 644 3100 quasdam
686 3029 794 3098 potest
822 3028 865 3078 et
905 3039 970 3084 non
1006 3020 1111 3080 edere.

110 3121 297 3204 Quanquam
329 3121 412 3182 enim
435 3121 570 3182 maxime
593 3119 748 3206 ¹credibile
769 3131 818 3183 est
842 3121 945 3182 virum
975 3121 1112 3199 probum
1150 3123 1153 3129 ’

109 3224 263 3290 editurum
299 3222 439 3287 actiones
460 3223 576 3286 rationi
597 3236 629 3285 et
648 3224 815 3305 prudentia
837 3221 1060 3286 convenientes
1082 3233 1114 3283 et

108 3347 170 3393 aon
190 3327 333 3392 abscisse
354 3347 483 3390 neeesse
505 3339 552 3390 est
577 3339 612 3388 ut
633 3326 772 3390 actiones
794 3327 857 3388 sint
877 3325 975 3400 tales,
1005 3324 1114 3405 quales
1213 3349 1215 3354 ·

107 3443 197 3507 suut,
235 3443 268 3494 et
283 3441 330 3492 ut
356 3449 396 3492 eo
417 3451 517 3512 usque
538 3432 725 3511 procedant.
777 3430 837 3490 Est
867 3427 948 3489 enim
982 3426 1116 3498 latitudo

110 3537 260 3616 quaedam
286 3532 320 3596 in
342 3532 411 3596 eius
434 3533 557 3616 generis
580 3531 777 3605 actionibus,
809 3540 841 3592 et
864 3528 989 3594 modica
1016 3530 1112 3592 dccli·

110 3637 194 3702 natio
217 3637 252 3702 id
274 3639 315 3700 de
334 3656 400 3718 quo
421 3634 473 3698 hic
496 3635 617 3720 agimus
643 3655 707 3697 non
730 3631 855 3695 evertit.
900 3631 1023 3700 Deinde
1048 3653 1113 3706 nott

113 3740 293 3806 accusatio
328 3737 379 3802 vit·
404 3741 525 3820 probus
555 3738 588 3802 id
608 3736 717 3820 deligit
734 3738 901 3828 *agendum
926 3738 1012 3818 quod
1035 3737 1111 3818 agit,

111 3847 166 3910 sed
186 3857 222 3910 nt
249 3843 396 3908 dominus
418 3840 532 3926 aliquid
551 3861 662 3906 eorum
688 3838 780 3902 etiam
794 3859 858 3902 uon
878 3839 1002 3922 agendi.
1050 3839 1114 3902 Ra·
