2718 4506
1067 323 1128 390 stt

214 508 280 571 est,
313 517 405 579 quam
426 482 456 560 in
479 495 570 561 simili
591 517 685 560 causa
706 497 786 560 bene
808 497 935 583 longam
959 481 1126 563 Caesarius

214 599 345 662 instituit
366 603 471 664 'l'omo
487 602 516 663 l.
533 601 686 664 Biblioth.
703 601 795 664 Patr.
816 621 919 665 novae
933 601 1008 666 edit.
1025 601 1128 664 Gnae-

214 705 311 766 eoiat.
335 725 368 784 p.
393 704 466 766 010.
490 704 622 789 Dialog.
647 704 678 767 2.
702 703 909 785 responsione
935 706 974 767 ad
997 704 1129 785 Quaest.

216 805 290 868 100.
335 811 476 893 (Viger.)
518 808 713 870 Bardesanes
744 808 922 870 Edessenus
946 807 1045 888 Sanus
1074 827 1130 868 au·
1260 881 1262 886 Ι

216 909 430 994 ctorDialogi
451 912 489 972 de
511 909 593 973 Fato
615 932 680 974 non
701 910 938 975 confundendus
962 931 1031 973 cum
1050 911 1132 973 Bar·

217 1015 329 1076 desane
358 1013 537 1094 Babylonio
569 1012 668 1079 Coni.
690 1016 719 1080 Ι.
743 1014 787 1076 Α.
811 1013 951 1078 Fabricii
976 1013 1132 1077 Biblioth.

216 1117 334 1178 Graec.
359 1119 455 1178 'l'om.
480 1119 526 1180 V.
548 1139 583 1201 p.
608 1118 682 1182 190.
706 1117 834 1180 Fnider.
858 1116 997 1182 Strunzii
1018 1117 1135 1179 Histo·
1208 1185 1211 1192 ,

216 1219 262 1280 nia
286 1219 474 1282 Bandesanis
496 1232 527 1284 et
548 1220 836 1283 Bardesanistanu'm
859 1220 941 1284 edita
962 1219 1131 1283 Wittemb.

217 1324 312 1384 1710.
337 1323 369 1384 l.
393 1322 527 1386 Librum
549 1326 587 1386 de
608 1325 696 1392 Fato¹
713 1327 801 1407 qnod
822 1322 947 1399 attinet,
971 1322 1134 1386 interiecta

218 1425 248 1487 in
270 1427 333 1488 hoc
351 1427 545 1511 Fragmento
568 1427 710 1510 quaestio
725 1425 867 1508 Philippi
889 1424 1051 1508 discipuli,
1075 1428 1135 1488 do·
1250 1483 1252 1494 ,

217 1540 267 1592 cet
286 1529 375 1590 illum
396 1551 460 1594 non
483 1532 522 1591 ab
543 1531 615 1612 ipso
638 1531 838 1604 Bandesane‚
863 1532 918 1592 sed
941 1551 959 1592 a
981 1528 1136 1612 discipulo

217 1653 277 1693 suo
300 1629 453 1712 Philippo
474 1631 570 1694 fuisse
593 1633 818 1712 conscriptum.
863 1630 937 1711 (O.)

153 1735 189 1812 2)
219 1734 415 1798 Μέλισσα
436 1737 534 1818 μέλι
554 1734 747 1823 γεωργεῖ]
772 1732 944 1796 Emendavi
965 1733 999 1794 h.
1015 1734 1039 1794 l.
1064 1753 1137 1796 ver·

219 1835 338 1898 sionem
362 1835 468 1902 Grotii
489 1837 543 1918 qui
564 1837 643 1898 male
665 1835 817 1899 reddidit:
841 1839 919 1918 opis
936 1837 1137 1898 rusticatur.

220 1938 322 2021 Atqui
338 1946 488 2029 γεωργεῖν
503 1942 587 2022 apud
600 1923 773 2022 seriptores
789 1935 1030 2002 Ecclesiasticus
1046 1956 1141 2000 sensu

220 2063 290 2104 enm
313 2042 447 2124 physico
469 2053 534 2106 tum
556 2041 774 2125 metaphorieo
798 2052 830 2104 et
850 2038 963 2104 morali
984 2049 1032 2102 est
1060 2059 1140 2102 eon·

219 2156 364 2221 struere,
384 2145 584 2226 fabricari,
611 2145 738 2209 moliri.
760 2143 859 2209 Conl.
889 2163 917 2206 s.
948 2139 989 2206 C.
1014 2138 1140 2203 Suizer.

224 2245 382 2307 Thesanr.
400 2244 585 2325 Ecclesiast.
608 2245 642 2307 h.
667 2266 700 2308 v.
725 2247 922 2310 vertendum
942 2243 1048 2326 itaque
1062 2240 1141 2324 Apis

222 2351 289 2414 mel
303 2346 520 2427 fabricatur.
563 2347 637 2429 (0.)

157 2452 192 2530 3)
222 2452 298 2517 τοῖν
315 2446 571 2531 Ἀλαναίων]
594 2451 645 2514 De
667 2449 815 2514 Alanaeis
837 2449 915 2512 nihil
935 2449 1011 2533 legi.
1035 2444 1143 2510 Simile

222 2573 302 2616 vero
325 2565 372 2615 est
401 2574 465 2618 non
494 2555 574 2618 alios
602 2561 675 2616 'esse
708 2573 802 2636 quam
824 2553 968 2626 Alanos,
1006 2567 1143 2632 quorum

223 2657 402 2737 Iosephus,
440 2657 621 2733 Lucianus,
668 2655 722 2722 alii
750 2655 895 2738 plerique
923 2653 1143 2716 meminerunt.

222 2760 382 2842 (Vigere.)
432 2760 578 2842 Populus
612 2747 785 2823 Sarmatiae
818 2759 1025 2839 Europaeae,
1062 2753 1151 2816 haud·

224 2862 378 2942 procula
401 2862 565 2927 Maeotide
592 2862 721 2945 palude.
755 2858 855 2923 Coni.
878 2858 1018 2943 inprimis
1034 2854 1147 2920 Arria-

222 2987 313 3040 num,
338 2985 424 3028 euius
448 2966 616 3029 etiamnum
638 2974 743 3029 exstat
765 2965 860 3030 Acies
873 2971 995 3026 contro
1010 2955 1149 3039 ,diones

221 3066 297 3145 (0.)
398 3109 401 3116 -
916 3115 922 3126 ,

160 3169 194 3250 i)
222 3165 556 3260 διαφερόμενοι]
586 3171 707 3237 Annon
729 3169 896 3253 legendum
919 3161 1149 3252 διαφερομένῃ,

219 3285 255 3336 ut
276 3274 433 3338 referatur
455 3279 495 3339 ad
516 3277 711 3356 praecedens
734 3260 997 3356 ἀνθρωαότιγτιῗ
1041 3262 1114 3342 (0.)

159 3377 194 3457 5)
224 3371 299 3442 ὑπὸ
333 3377 409 3444 τῶν
437 3372 725 3463 ὁμοιοπαθῶν
753 3365 1032 3448 ἐλαύνονται]
1070 3365 1149 3428 Sen-

223 3501 292 3542 sum
314 3481 430 3543 honum
453 3482 626 3544 verborum
648 3473 721 3538 non'
736 3473 819 3556 oepit
843 3470 989 3538 Grotius.
1029 3467 1147 3531 Melius

225 3583 368 3667 Vigenus
402 3603 425 3646 α
456 3585 512 3644 sui
540 3577 708 3644 sianilt‘bus
726 3575 771 3655 ,(ἰ.
797 3598 827 3638 e.
858 3575 926 3637 aliis
955 3571 1149 3668 hominibus)

226 3687 364 3768 impune
387 3691 563 3748 vexantur.
597 3677 710 3742 Malim
733 3678 863 3744 sedibus
885 3677 955 3740 suia
975 3671 1150 3754 expellun-
1184 3668 1189 3678 '

164 3892 198 3971 6)
225 3785 561 3978 iiiipizailiiipnaq]¹
576 3885 626 3948 An
650 3883 744 3946 Setae
769 3879 931 3946 aSenihus
955 3873 1032 3940 aiii?
1056 3873 1149 3936 Set-es
