2754 4510
111 843 115 848 ’
246 824 549 922 Siglarum
608 821 981 923 Explicatio.

109 1251 241 1314 Havn.
285 1249 427 1315 Deuotat
456 1246 610 1312 Codicem
634 1247 865 1343 ⁸Fabricianum
894 1249 1039 1314 Havniae
1067 1268 1118 1316 as-

196 1365 357 1418 servatum
389 1352 421 1417 in
454 1350 653 1416 Bibliotheca
688 1350 910 1417 Universitatis
942 1354 1028 1418 Nro.
1062 1354 1118 1418 85.

196 1456 282 1520 Vide
303 1457 447 1521 Praesat.

112 1561 223 1625 Mon.
267 1559 443 1642 Exemplar
465 1557 609 1624 editionis
632 1558 767 1622 Aldinae
794 1558 913 1642 prioris
940 1559 973 1623 in
995 1561 1120 1627 Biblio-

197 1663 290 1726 theca
316 1661 420 1748 Regia
452 1660 643 1726 Monacensi
671 1684 749 1740 cum⁸
771 1662 895 1726 Glossis
928 1664 1054 1747 scriptis
1085 1666 1120 1730 in

197 1764 341 1851 margine
362 1787 477 1842 manu,
500 1777 537 1834 ut
558 1765 705 1842 videtur,
729 1766 772 1830 P.
796 1764 948 1830 Victorii.

112 1869 207 1934 Ala.
232 1869 265 1934 1.
308 1868 490 1934 Editionem
509 1867 687 1952 principem
707 1865 855 1932 Aldinam
878 1869 916 1934 de
938 1889 1021 1934 anno
1038 1869 1123 1936 1581

200 1971 234 2036 in
255 1971 349 2037 folio.

113 2075 205 2140 Ald.
228 2075 262 2140 2.
306 2075 487 2140 Editionem
523 2074 672 2139 Aldinam
715 2075 930 2160 posteriorem
973 2098 1123 2146 excusam

200 2201 283 2244 anno
306 2179 389 2244 1535
411 2177 559 2244 infolio.

115 2281 253 2348 Casei.
296 2282 478 2347 Editionem
501 2281 630 2347 Ioannis
653 2281 771 2348 Caselii
786 2283 978 2370 'impressam
999 2285 1123 2352 Rosto-

202 2385 264 2450 chii
285 2388 369 2452 1588
389 2386 494 2452 forma
516 2398 642 2471 quarta.

115 2491 246 2556 Lond.
289 2490 472 2555 Editionem
483 2490 719 2555 Londinensem
730 2490 978 2577 graecolatinam
991 2514 1123 2580 expres·

199 2616 267 2658 sam
287 2593 372 2678 typis
395 2595 540 2658 Thomae
561 2594 725 2675 Roycrost
746 2614 828 2658 anno
852 2595 936 2660 1658
957 2595 990 2660 in
1012 2597 1067 2661 12.

116 2697 268 2764 Enoch.
311 2699 476 2782 Excerpta
494 2719 537 2760 ex
549 2696 727 2761 Alexandri
747 2697 832 2764 libro
854 2699 893 2762 de
908 2700 992 2765 Fato
1006 2697 1039 2764 in
1053 2699 1125 2766 Eu-

202 2799 283 2865 sebii
316 2800 422 2866 Libro
457 2801 525 2866 VI.
569 2801 608 2864 de
649 2799 892 2886 praeparatione
927 2801 1125 2894 Evangelica

116 3007 170 3072 na
179 2901 545 3094 geniiin.lxilersionem
557 3004 685 3070 latinam
698 3005 888 3091 Hieronymi
902 3009 1051 3098 Bagolini
1066 3031 1124 3076 ex·
1158 2974 1161 2981 Ι

202 3132 310 3176 eneam
336 3111 482 3177 Veneriis
515 3110 600 3194 apud
627 3109 859 3194 Hieronymum
887 3113 1020 3181 Scotum
1041 3114 1124 3180 1569
1260 3165 1264 3174 .

116 3213 373 3384 Schliiiiiliii.
404 3316 597 3382 Versionem
613 3315 834 3386 Germanicam
847 3318 982 3406 Georgii
997 3317 1125 3383 Schult-

203 3420 298 3484 hessii
318 3422 470 3488 insertam
490 3419 548 3484 lib.
570 3419 641 3484 tin:
689 3421 878 3488 antiochen
901 3421 961 3487 der
980 3421 1127 3488 Griecde'·

199 3526 305 3602 aeden
323 3524 560 3607 Philosophen·
603 3521 835 3592 Turioi1782.
858 3522 904 3590 T.
926 3521 992 3590 IV.
1014 3543 1050 3610 p.
1065 3519 1126 3588 152

204 3635 236 3688 et
256 3645 349 3710 ceqq.

475 3829 762 3864 ⁶⁸*—
