2754 4510
131 299 135 314 ·
239 275 302 340 260

261 446 295 526 1)
321 443 448 533 μηδὲν
469 391 544 510 τίίν
563 435 810 528 γινομένων]
832 435 960 502 Α11.2.
983 437 1049 505 τῶν
1063 441 1249 548 γινομινων

349 546 433 630 ηὸἑν.

261 653 295 735 5)
323 575 363 718 il
383 651 426 716 δέ
444 641 527 716 τοτ’
551 643 664 715 ἔστιν
685 642 771 728 eto]
803 642 980 710 stenaro.
996 641 1093 711 Mon.
1112 644 1193 710 Ald.
1210 649 1247 712 1.

324 764 356 820 et
382 752 493 819 Loud.
548 751 595 816 At
619 748 697 813 Ald.
723 747 755 812 2.
791 767 863 810 cum
891 745 1020 812 Caselio
1045 748 1078 814 τί
1105 746 1148 832 δή
1168 743 1246 817 ποτ’

252 879 255 886 ·
324 851 383 924 bair
399 855 497 923 ἔστιν.
539 852 640 936 Atqui
660 854 740 916 bene
761 851 858 914 babet
877 851 1006 936 vulgata
1031 851 1139 917 lectio.
1174 854 1247 918 Re·

323 960 480 1043 spondent
504 955 586 1020 enim
605 956 685 1020 baec
714 955 813 1020 verba
837 941 984 1038 tanquam
1008 956 1143 1019 alterum
1168 979 1247 1022 ora·

324 1061 418 1128 tionis
440 1061 634 1138 membrum,
670 1057 710 1126 iis
737 1077 818 1142 quae
845 1056 995 1143 leguntur
1016 1057 1107 1123 initio
1130 1060 1246 1144 capitis
1349 1075 1350 1088 ¹

325 1161 364 1232 τὸ
384 1169 444 1253 μὲν
463 1157 522 1231 titia
546 1163 630 1230 ἕῑναί
653 1186 689 1236 τιΙ
707 1157 767 1243 τὴν
790 1161 986 1252 ἑιμαρμινην
1006 1203 1023 1216 -
1043 1203 1060 1217 -
1081 1165 1202 1242 ἱκανῶς
1222 1159 1245 1246 ἦ
1349 1197 1350 1260 )

324 1268 388 1334 τῶν
398 1260 589 1358 ἀνθρώπων
602 1265 774 1346 συνίστησι
788 1259 976 1358 πρόληψις,
993 1276 1029 1329 ut
1044 1266 1153 1352 itaque
1167 1279 1247 1351 post
1349 1289 1350 1336 1

207 1380 211 1387 ’
324 1363 433 1436 ούιιὲτι
455 1387 550 1433 sensu
573 1367 779 1450 repetendum
803 1365 848 1432 sit
878 1367 1072 1450 συνίστησι,
1117 1381 1150 1433 et
1185 1370 1246 1435 im·

323 1470 468 1556 posuerit
498 1467 679 1534 correctori
703 1468 837 1536 Aldinae
865 1469 899 1535 2.
929 1469 1061 1560 longior
1090 1473 1246 1559 periodus

323 1571 522 1658 interposita.
554 1572 629 1654 (Ο.)
955 1565 960 1577 ’

163 1718 166 1721 -
262 1679 297 1762 6)
325 1667 494 1762 οὐκέτι]
532 1675 665 1742 Grotius
682 1687 810 1741 vertens
832 1676 871 1740 id
885 1697 954 1740 non
977 1699 1085 1764 oeque
1109 1677 1247 1773 cmpedi-

320 1789 394 1845 tum
416 1788 483 1858 est,
514 1778 631 1866 legisse
650 1778 785 1864 'videtur
812 1780 912 1861 δῆλον
937 1787 991 1843 aut
1021 1780 1135 1870 similo¹
1155 1781 1246 1866 quid.

327 1882 375 1946 At
391 1881 506 1946 nullam
525 1883 670 1948 lacunam
691 1893 871 1968 agnoscunt
892 1879 1000 1948 Codd.
1021 1894 1054 1946 et
1075 1883 1243 1963 editiones,

326 1985 498 2065 uec'e‘tiam
519 1984 695 2072 Bagoliuus
720 1996 848 2050 vertens
874 2004 940 2050 non
970 1988 1060 2054 item.
1104 1987 1150 2050 Et
1174 2009 1245 2052 om-

326 2086 401 2151 uino
419 2087 492 2150 uide
510 2088 628 2156 Nolana
644 2087 898 2172 praecedentem.
925 2086 1019 2170 (0.)
1043 2087 1171 2157 Scilicet
1186 2113 1245 2175 pa·

326 2185 511 2255 rentheseos
549 2185 648 2276 ‘signa
684 2192 831 2275 ponenda
864 2200 955 2254 erant
988 2189 1051 2256 iam
1084 2206 1160 2276 post
1189 2194 1246 2260 illa

326 2291 498 2374 συνίστησι
513 2287 703 2386 πρόληψις,
735 2294 921 2379 quibuscum
937 2293 1034 2372 haec,
1067 2297 1244 2382 dequibus

327 2415 432 2461 sermo
453 2407 524 2475 est,
557 2395 734 2462 ¹<arctissime
758 2397 942 2462 cohaerent.
985 2399 1100 2484 (Cosp.
1122 2401 1244 2480 Orell.)

263 2500 298 2583 ί)
326 2497 684 2586 δοκτίηίνεσθαι]
719 2499 797 2568 Ald.
815 2501 849 2566 2.
870 2501 1028 2588 γίνεσθαι
1049 2503 1148 2570 δοκεῖ.

262 2601 299 2685 8)
327 2595 409 2671 ἀλλ’
432 2597 530 2671 οὐδὲ
550 2598 622 2686 τὴν
643 2603 917 2696 ἕιμαρμὲνην]
952 2603 1030 2670 Ald.
1049 2603 1085 2670 2.
1111 2597 1180 2671 ἀλλ’
1203 2597 1243 2672 ού

328 2701 388 2789 τὴν
411 2707 619 2799 ἕναρνὲνην·

264 2809 300 2893 9)
327 2805 372 2876 οὐ
404 2805 486 2878 κατ’
523 2803 674 2895 ἄντην]
723 2809 820 2877 Mon.
852 2819 885 2876 et
909 2810 990 2876 Ald.
1020 2811 1054 2876 2.
1086 2806 1126 2880 οὖ
1157 2806 1244 2879 aneni

326 2904 460 2994 ταύτην.

244 3017 299 3099 10)
326 3010 376 3081 τὰ
402 3014 473 3097 τῆς
501 3007 644 3105 τύχης]
679 3017 759 3084 Ald.
784 3017 818 3086 2.
846 3011 890 3084 τὰ
916 3016 975 3099 τῆς
1000 3016 1112 3111 ψυχῆς
1139 3001 1240 3082 Mali.

326 3121 419 3186 Haec
454 3129 560 3183 tamen
601 3120 701 3186 verba
742 3120 922 3206 saepissime
956 3132 1175 3205 permutantur
1207 3120 1240 3186 iu

328 3208 454 3289 Msstis.
510 3221 597 3287 Vide
625 3245 706 3308 quiae
733 3223 974 3290 observavimus
1000 3226 1039 3287 ad
1060 3223 1240 3306 Demophili

328 3325 429 3392 Simil.
452 3325 493 3392 29
514 3337 546 3390 et
566 3325 621 3392 32.
643 3324 675 3391 in
697 3326 822 3414 Opuso.
845 3338 911 3392 vet.
930 3328 1048 3391 Graec.
1070 3313 1240 3392 sententio·

326 3428 630 3512 mpwqm
941 3413 944 3422 '

245 3534 300 3616 11)
326 3527 348 3614 ἡ
370 3528 537 3614 ζήτησιι,Ι
557 3533 671 3625 περὶ]
694 3527 866 3614 111.ιὴ
888 3525 1020 3615 ζήτησις
1040 3524 1061 3613 ἦ
1082 3536 1155 3621 περὶ
1177 3543 1242 3596 etc.⁸

172 3658 174 3664 ·
246 3639 301 3720 12)
327 3629 543 3718 ἡτοιαύτη
572 3631 720 3730 φύσις]
754 3636 807 3700 Sic
830 3636 937 3700 Havn.
968 3636 1065 3699 Mon.
1100 3635 1178 3699 Atd.
1206 3635 1238 3706 2.

328 3750 360 3805 et
382 3733 489 3806 Casei.
514 3733 534 3822 ἡ
556 3733 667 3813 τοιοίδε
689 3734 790 3834 φύσις
810 3739 888 3806 Ald.
912 3740 944 3804 1.
966 3749 998 3804 et
1018 3737 1129 3804 Loud.

144 701 159 755 l
