2790 4512
239 312 296 374 ‘1120

229 482 293 548 τῶν
314 477 432 560 όντων,
465 469 486 561 ἢ
508 476 552 545 τά
576 481 610 546 ἐν
628 482 749 563 γενέσει
770 483 831 546 καί
846 481 987 571 φθορᾷ·
1021 469 1098 557 ὥςτε
1125 479 1235 548 cvras]-

229 579 285 651 θά
301 608 366 650 που
390 588 446 648 καὶ
471 580 509 648 τὸ
528 585 587 663 τῆς
603 583 806 670 ἑιμαρμένης.
843 575 931 648 Ἐπεὶ
952 587 1013 668 μὲν
1036 587 1093 648 καί
1114 579 1237 650 τσότων

172 737 175 744 ·
228 685 347 772 τὰμὲν
367 681 453 751 κατά
476 683 588 772 τέχνην
613 708 647 750 τε
669 689 725 750 καὶ
742 679 842 769 λόγον
861 679 1006 770 τεχνικόν
1024 710 1117 764 τινα,
1139 683 1183 752 τὰ
1204 689 1239 751 δὲ

230 786 317 857 κατά
340 789 547 879 προαίρεσιν,
569 786 613 854 τὰ
631 790 665 854 δὲ
687 784 773 852 κατὰ
794 781 897 910 φύσιν
914 787 1057 910 γίνετρι,
1088 793 1241 855 σκεπτέον

232 895 265 960 ἐν
292 891 359 958 τίσι
384 887 507 958 τοότων
530 888 569 956 τό
596 891 653 971 τῆς
674 890 883 978 έιμαρμένης,
920 891 947 954 ἐι
972 886 1018 977 μὴ
1051 885 1123 957 όιόν
1147 917 1183 956 τε
1209 893 1242 958 ἐν

230 996 321 1062 πᾶσι.
371 992 422 1060 Τά
441 991 540 1081 μὲν
524 996 581 1060 σῦν
602 989 689 1058 κατά
708 995 820 1079 τέχνην
844 987 998 1078 γινόμενα
1020 990 1145 1060 καθ’
1123 1021 1243 1082 ειμαρ-

228 1101 326 1185 μένην
350 1097 431 1167 έῐναί
462 1121 496 1162 τε
527 1103 583 1163 καί
608 1096 787 1181 γίγνεσθαι
819 1098 942 1180 λέγειν,
983 1091 1136 1182 οὐδαμῶς
1169 1103 1243 1174 ταῖς

230 1201 385 1291 περὶτῆς
409 1201 604 1288 έιμαρμένης
629 1193 741 1277 δόξαις
770 1192 931 1288 συνφδόν·
964 1201 1092 1285 γελοῖον
1113 1195 1180 1290 γάρ
1201 1197 1240 1266 τὸ

228 1301 288 1383 τὴν
313 1304 422 1382 κλίνην
448 1292 491 1381 1¹¹)
523 1297 544 1381 ἢ
573 1298 611 1366 τὸ
641 1295 780 1388 βάθρον
810 1295 891 1366 καθ’
923 1301 1119 1391 έιμαρμὲνην
1147 1328 1241 1388 γεγο-

227 1409 317 1474 νέναι
337 1407 461 1490 λέγειν,
482 1399 503 1482 ἢ
521 1400 579 1483 ’τὴν
600 1398 704 1493 ίόραν
722 1397 901 1493 ἡρμόσθαι
922 1399 1003 1476 καθ’
1027 1406 1239 1495 έιμαρμένην·

229 1503 314 1575 δότω
350 1505 420 1598 γὰρ.
443 1507 577 1596 ἐροῦμεν
604 1508 716 1574 πᾶσαν
748 1509 859 1592 τέχνην
892 1509 1096 1597 έιμαρμὲνην.
1149 1505 1239 1577 Ἀλλ’

230 1604 298 1678 οὐδ’
325 1599 368 1677 ὧν
387 1609 577 1728 προαίρεσις
601 1605 708 1689 ἆιτία,
742 1610 849 1690 ταῦτα
874 1605 956 1676 καθ’
980 1611 1176 1700 έιμαρμένην
1200 1608 1241 1680 ἂν

231 1715 299 1796 ε’ίη·
337 1708 460 1780 τούτων
490 1709 555 1803 γάρ
580 1708 651 1780 ἐν(
632 1716 710 1799 ημῖν
734 1707 771 1794 ἡ
778 1708 863 1804 ἀργὴ
884 1718 940 1780 καί
961 1710 1020 1779 οὐκ
1045 1713 1240 1796 {wem}
1265 1769 1269 1778 .

228 1817 299 1884 δὲ’
249 1818 459 1942 δειμαρμένη
478 1813 537 1882 οὐκ
559 1818 592 1882 ἐν
613 1813 708 1903 ἡμῖν
733 1823 789 1882 καὶ
808 1842 871 1934 γρρ
898 1818 926 1881 εἰ
954 1822 1103 1904 καὶπερὶ
1129 1743 1240 1886 ταῦτόί

227 1922 315 1988 ἐστιν
319 1945 359 2044 η
385 1921 582 2012 έιμαρμένη,
603 1925 677 2088 περί
694 1913 718 1984 σί
738 1923 793 1984 καὶ
812 1915 848 1984 τό
875 1914 924 2042 ἐφ’
948 1915 1042 2039 ἡμῖν,
1064 1916 1153 2048 άλλὰ
1178 1919 1236 1988 δίλ-

222 2129 320 2213 μένης
343 2129 398 2188 καί
424 2125 486 2188 τῶν
509 2125 543 2188 έν
562 2093 683 2208 γενέσει
706 2120 748 2188 τά
767 2119 944 2213 γιγνόμενα
962 2109 1047 2192 κατά
1069 2129 1182 2213 τέχνην
1203 2152 1236 2195 τε

224 2231 280 2294 καὶ
300 2217 500 2317 προαίρεσιν.
548 2221 732 2294 Τοότωνδ
760 2222 994 2320 ἀφῃρημένων,
1030 2226 1147 2298 λοιπὸν
1174 2256 1235 2298 κα-

222 2330 410 2396 ταλείπεται
432 2331 554 2408 ταῦτα,
585 2326 634 2406 όῑς
655 2324 676 2410 ἡ
699 2325 800 2420 φύσις
818 2331 875 2410 τῆς
888 2326 1050 2416 ’γενέσεως
1069 2327 1182 2413 άιτία,
1203 2337 1237 2402 ἐν

224 2428 274 2512 ὁῖς
295 2435 331 2499 δὲ
356 2436 412 2498 καὶ
438 2434 529 2498 δοκεῖ
551 2428 757 2500 δυναστεύειν
778 2430 816 2498 τὸ
844 2434 902 2513 τῆς
927 2430 1132 2523 έιμαρμένης.
1185 2433 1236 2506 'Eo
1262 2505 1266 2514 ,

224 2532 288 2624 γάρ
314 2562 363 2613 τις
392 2530 568 2616 ἐπιστήσας
604 2531 759 2616 ἐξετάζειν
785 2530 941 2620 βούλοιτο
968 2534 1027 2614 τὰς
1052 2534 1149 2619 δόξας
1176 2537 1236 2618 τὰς

223 2645 297 2730 περὶ
324 2641 382 2720 τῆς
414 2633 609 2728 έιμαρμένης
641 2633 950 2724 καταβεβλημένας,
987 2636 1025 2706 οὐ
1052 2647 1124 2733 περί
1148 2639 1235 2710 ἄλλοί

223 2766 315 2820 τινα,
338 2737 412 2806 οὐδὲ
435 2743 468 2806 ἐν
487 2737 602 2818 ἄλλοις
620 2735 724 2818 οίυτόις
741 2736 869 2833 έυριίσει
891 2739 949 2838 τὴν
966 2739 1168 2832 έιμαρμένην
1185 2772 1234 2813 τι·

223 2845 367 2921 δείσας,
403 2839 472 2910 ἀλλ’
510 2845 542 2910 ἐν
575 2849 645 2920 τοῖς
667 2839 852 2930 γινομένοις
881 2840 995 2939 φάσει·
1031 2844 1234 2918 καὶτούτων

216 2942 371 3035 ’μάλιστα
396 2946 430 3011 ἐν
448 2945 487 3037 τῇ
508 2947 571 3012 τῶν
585 2941 673 3026 ζώων
690 2953 757 3012 καὶ.
768 2949 831 3014 τῶν
849 2950 883 3014 ἐκ
904 2947 1101 3038 συγκρίσεων
1122 2953 1185 3018 τῶν
1201 2955 1234 3020 έν

224 3046 345 3137 γενέσει
366 3047 425 3127 ¹⁵)·
459 3044 498 3113 οὗ
521 3046 585 3139 γὰρ
608 3046 645 3114 τὸ
673 3046 732 3131 τὴν
760 3051 823 3116 τῶν
844 3051 1009 3137 στοιχείων
1030 3053 1076 3129 εἰς
1106 3051 1232 3136 ἄλληλα

223 3149 410 3244 μεταβολὴν
442 3146 535 3218 καθ’Ι
551 3147 748 3242 εἰμαρμένην
778 3152 936 3238 γίνεσθαι
960 3148 1064 3238 λέγειν
1091 3153 1180 3226 πάνυ
1200 3165 1230 3226 τί

223 3260 378 3339 συνηθίς.
429 3250 546 3331 Ὄντσς
571 3255 680 3320 τοίνυν
704 3256 764 3321 τοῦ
788 3251 869 3321 καθ’
904 3251 1099 3374 ίιμαρμένην
1124 3262 1158 3326 έν
1182 3258 1232 3341 ὁίς

220 3355 475 3484 προειρήκαμεν,
496 3361 552 3424 καὶ
566 3352 686 3423 τούτου
698 3357 861 3447 γνωρίμου
877 3355 1066 3444 γεγονότος,
1089 3358 1228 3432 ἀκόλου-

219 3469 291 3530 θον
322 3458 363 3528 όίν
389 3463 445 3544 είη
468 3456 551 3549 μετά
583 3454 702 3527 τοότου
738 3461 876 3564 ζητῆσαι
906 3457 1045 3552 πότερον
1076 3462 1228 3534 τοιοῦτόν

219 3571 327 3644 ε’στιν,
350 3561 392 3643 ὡς
408 3558 591 3684 ρίναγκαῖόν
612 3588 645 3630 τε
667 3566 749 3630 ἐίναι
764 3589 819 3630 και
809 3559 1053 3654 ἀπαράβατον
1067 3563 1152 3634 κατὰ
1171 3566 1228 3636 τὸν

221 3664 361 3750 ποιητὴν
383 3666 440 3734 τόν
462 3663 621 3755 λέγοντα

259 3779 384 3862 Μοῖραν
403 3777 427 3838 δ
451 3779 560 3847 όότινα
576 3781 618 3852 W)
638 3777 721 3860 φημί
733 3781 926 3861 πεφυγμένον
946 3775 1077 3859 ἔμμεναι
1095 3779 1225 3862 ἀνδρῶν,

258 3881 299 3944 οὐ
317 3879 414 3942 κακὸν
433 3879 501 3942 οὐδὲ
519 3883 577 3959 μέν
596 3881 730 3956 ἐσθλὸν,
748 3882 824 3960 ε’σὴν
841 3880 883 3944 τὰ
903 3885 1011 3966 πρῶτον
1029 3883 1161 3960 γένηται.
1219 3940 1222 3948 .
