2748 4514
1095 323 1135 386 tt

123 485 175 538 aut
197 495 299 538 casu:
336 487 367 536 ct
397 497 465 540 esse
495 478 611 562 aliquid
640 480 670 544 in
692 481 791 544 rebus
810 484 947 566 positum
969 486 1000 550 in
1024 457 1164 554 nostra*

121 587 281 658 potestate
304 589 337 640 ct
361 590 490 642 eventus
514 583 668 668 ambigui,
693 605 747 660 re,
779 607 843 650 non
866 589 968 652 solum
990 591 1129 658 nomine.

480 681 482 686 ’
570 687 687 748 XXV.

183 783 364 864 Quomodo
384 784 464 848 erim
486 807 551 849 uon
574 786 615 850 sit
632 787 797 852 manifesto
812 793 876 854 hoe
889 793 1014 872 salsum,
1033 818 1125 861 omne

122 889 206 971 quod
232 886 331 949 alicui
364 898 412 949 est
440 908 636 972 consequens
659 911 761 955 exeo
783 913 907 956 causam
929 897 1047 960 habere
1070 921 1128 962 cur

121 989 272 1066 exsistat,
313 999 346 1052 et
377 1010 470 1053 omne
506 994 593 1074 quod
624 995 840 1078 antegreditur
871 1017 939 1061 rem
961 1000 1075 1063 aliam
1099 1001 1128 1068 ei
1204 1072 1209 1082 s

120 1093 165 1158 rei
191 1113 322 1158 causam
351 1111 421 1155 esse
449 1114 507 1156 cur
535 1092 600 1156 siti·
642 1095 796 1160 Videmus
831 1099 947 1182 quippe
980 1122 1017 1164 ea
1046 1125 1128 1186 quae
1203 1156 1206 1163 .

118 1208 265 1278 tempore
297 1205 374 1256 sunt
406 1194 466 1258 alia
492 1206 569 1278 post
596 1195 674 1276 alia,
711 1221 777 1263 non
807 1201 911 1263 omnia
932 1211 1036 1266 tamen
1057 1200 1131 1270 fieri

119 1301 164 1362 ob
183 1298 220 1362 id
239 1300 329 1380 quod
350 1295 439 1379 prius
461 1309 493 1361 et
519 1309 591 1362 ante
619 1298 687 1382 ipsa
715 1291 856 1384 positum
884 1304 957 1368 suit.
1016 1309 1130 1391 Neque

119 1402 204 1465 'enim
225 1401 364 1464 ambulat
385 1399 456 1483 quis
477 1399 552 1483 qnia
571 1403 728 1480 surrexit,
763 1426 865 1489 neque
892 1427 960 1469 nox
989 1419 1036 1471 est
1058 1409 1125 1472 effi-

119 1504 222 1568 ciente
248 1505 315 1570 hoc
343 1501 416 1579 die,
451 1523 556 1588 neque
587 1505 752 1570 Isthmium
785 1520 942 1572 certamen
974 1511 1126 1591 pervim
1240 1528 1253 1545 ’

118 1605 301 1689 Olympici,
337 1617 392 1668 aut
411 1603 511 1668 hiems
531 1627 591 1688 per
612 1607 750 1671 aestatis.
795 1610 937 1674 Proinde
958 1613 1126 1676 nuruum
1235 1661 1238 1668 a

117 1710 187 1793 quis
215 1711 301 1774 illos'
315 1707 344 1772 si
369 1727 532 1772 causarum
552 1709 675 1794 seriem
687 1711 781 1774 istum
794 1714 845 1803 'ad
863 1715 990 1778 modum
1015 1717 1129 1780 redde-

116 1823 204 1889 rent,
244 1809 338 1896 quasi
365 1831 492 1892 semper
518 1810 553 1876 id
580 1815 668 1895 quod
698 1813 786 1895 prius
809 1826 856 1878 est
888 1837 982 1878 causa
1002 1817 1043 1880 sit
1064 1819 1127 1900 po.¹

116 1917 282 1992 sterioris,
308 1935 347 1978 ac
364 1914 411 1977 sic
431 1935 594 1978 causarum
607 1935 785 1978 connexum
805 1917 948 1980 facerent
963 1917 1127 1984 continen-

115 2020 254 2104 tiamm
274 2019 361 2083 inter
381 2017 488 2100 ipsas,
524 2028 556 2080 et
577 2039 635 2080 mir
654 2017 687 2080 id
707 2018 848 2082 facerent
869 2020 1028 2085 adferrent
1049 2044 1126 2086 cau·

114 2145 185 2190 sam
205 2124 298 2206 quod
319 2122 387 2186 siue
409 2141 503 2184 eausa
522 2120 599 2184 nihil
619 2120 687 2184 fiat.
741 2122 895 2186 Videmus
917 2123 999 2186 enim
1020 2125 1125 2190 multis

113 2226 148 2290 in
178 2227 279 2288 nebus
304 2236 370 2290 tam
399 2224 465 2288 eius
494 2226 583 2306 quod
610 2223 796 2302 antecessit,
835 2247 929 2309 quam
951 2226 1016 2291 eius
1040 2229 1127 2312 quod

113 2327 327 2411 consequitur
357 2345 452 2390 uuam
485 2329 678 2409 eandemque
708 2347 777 2390 esse
805 2348 942 2391 eausam.
1001 2330 1065 2394 Sed
1096 2343 1129 2394 et

113 2431 270 2516 surgendi
301 2442 333 2493 et
360 2429 539 2494 anmrrlandi
565 2441 736 2492 causaest
768 2433 888 2494 eadem.
943 2431 1026 2494 Nam
1060 2454 1127 2497 non

113 2534 221 2618 ἱροιιηι
249 2553 385 2651 surgere
416 2554 512 2596 causa
546 2543 594 2596 est
622 2531 820 2609 ambulandi,
871 2535 928 2596 sed
959 2534 1124 2618 utriusque

114 2659 211 2702 causa
233 2649 281 2701 est
302 2637 329 2700 is
350 2635 419 2719 ipse
441 2635 496 2722 qui
516 2634 620 2720 surgit
643 2645 675 2698 et
699 2625 880 2710 ambulat,
893 2634 1022 2719 eiusque
1045 2638 1123 2701 deli-
1214 2621 1220 2636 ’

113 2743 228 2806 iterata
260 2741 421 2805 voluutas.
479 2738 533 2802 Sic
563 2738 656 2801 etiam
683 2736 786 2800 noctis
808 2748 840 2800 et
861 2736 921 2801 diei
948 2760 1028 2824 quae
1051 2761 1121 2803 cer-

113 2855 182 2908 tum
202 2843 289 2908 ioter
310 2863 346 2908 se
368 2841 509 2906 ordinem
531 2841 647 2904 habeut
668 2861 730 2902 una
751 2841 922 2924 eademque
944 2862 1038 2906 causa
1060 2855 1121 2910 est.
1207 2905 1208 2910 ,

114 2945 245 3012 Pariter
281 2967 317 3010 se
353 2967 404 3010 res
435 2946 532 3013 habet
561 2943 594 3008 in
626 2940 699 3006 anni
733 2944 983 3025 tempestatibus.
1048 2948 1124 3010 Non

116 3050 200 3114 enim
227 3049 331 3114 hiems
358 3069 451 3112 causa
474 3059 523 3112 est
543 3046 690 3121 aestatis,
731 3047 787 3108 sed
816 3059 847 3108 et
867 3047 958 3110 huius
981 3059 1017 3110 'et
1041 3047 1124 3110 illius

116 3135 284 3218 causaest
312 3152 412 3216 motio
441 3171 478 3216 ac
502 3150 620 3216 rotatio
648 3147 788 3213 caelestis
822 3149 969 3232 eorporis
995 3159 1026 3210 et
1059 3148 1127 3212 eius

115 3253 216 3320 flexio
245 3277 307 3339 per
344 3254 507 3338 obliquum
538 3253 701 3320 circulum.
767 3255 850 3316 Nam
886 3252 942 3314 Sol
981 3252 1021 3312 ad
1053 3271 1123 3314 eum

114 3360 245 3423 modum
273 3377 310 3424 se
337 3352 468 3428 movens
500 3358 636 3423 onmium
658 3359 782 3422 illarum
804 3364 1022 3436 tempestatum
1045 3375 1120 3428 cau·

113 3483 151 3526 aa
177 3473 239 3526 est.
292 3461 370 3531 Non
397 3481 476 3547 ergo
521 3483 589 3524 nox
623 3482 717 3524 causa
753 3458 837 3533 diei,
885 3475 988 3538 neque
1021 3454 1121 3519 hiems

117 3565 267 3642 aestatis,
314 3548 418 3647 neque
448 3575 575 3628 catenae
602 3564 634 3628 in
660 3565 788 3628 modum
811 3559 872 3624 ista
896 3557 978 3645 inter
995 3579 1028 3622 se
1050 3561 1123 3622 dum

113 3668 213 3747 liunt,
250 3669 445 3742 cohaerent3
474 3679 509 3731 ut
530 3667 562 3732 ni
583 3666 615 3730 id
636 3665 709 3743 fiat,
742 3663 916 3730 discessura
941 3661 982 3728 sit
1008 3661 1122 3724 Mundi

115 3781 145 3834 et
175 3793 292 3838 eorum
327 3790 406 3852 quae
444 3770 477 3834 in
510 3769 636 3834 Mundo
669 3764 741 3832 sunt
779 3765 922 3850 fiuntque
958 3764 1118 3829 adunatio.

113 3873 291 3944 Sufficiunt*
314 3872 398 3938 euim
428 3872 575 3940 caelestia
610 3891 751 3954 corpora
789 3880 820 3936 et
859 3887 969 3934 eorum
1001 3863 1120 3934 rotatio
