2748 4514
1086 292 1181 356 89‘

123 455 295 538 ipiscatur‚
318 453 375 536 qui
398 471 460 536 ope
481 452 680 518 institutionis
702 467 733 519 et
754 457 987 523 exercitationis
1008 461 1126 542 reipsa

123 557 265 621 ostendit
291 556 344 631 id,
381 555 414 618 in
441 576 505 639 quo
533 557 630 621 horno
652 569 780 623 neutrae
803 563 887 643 dono
909 561 1039 626 caeteris
1061 563 1127 626 ani·

124 661 285 726 mantibus
306 671 464 742 praestat,
489 681 507 722 a
528 679 563 722 se
585 662 699 724 addens
720 660 753 724 id
767 665 853 745 quod
874 675 1004 727 naturae
1026 666 1123 740 deest,

124 767 276 848 quudun
304 765 344 826 ad
371 783 439 826 eam
467 761 689 845 perficiendam
715 774 763 827 est
795 766 1016 829 necessarium.
1082 769 1126 830 Et

124 865 196 932 ideo
219 865 322 930 estin
343 875 453 928 nostra
474 876 631 946 potestate
651 867 776 931 virtutis
800 869 937 950 adeptio,
961 891 1062 953 neme
1077 870 1125 933 in·
1168 872 1170 877 ’

126 968 218 1032 utiles
239 979 315 1032 sunt
334 967 516 1049 frustraque
537 981 681 1049 repertae
703 971 808 1032 laudes
824 983 854 1032 et
870 968 1126 1052 vituperationes,

124 1083 158 1134 et
188 1071 222 1134 iu
250 1070 362 1134 melitis
391 1071 607 1146 hortamenta,
654 1092 756 1155 neque
790 1071 944 1137 institutio
976 1077 1016 1137 ad
1041 1087 1129 1139 recta

125 1173 337 1238 assuefaciens
359 1172 553 1255 praescripta
574 1172 711 1259 legibus.
762 1177 885 1238 Eorum
907 1175 1024 1259 quippe
1047 1197 1127 1260 quae

126 1289 243 1340 natanta
263 1274 355 1339 nobis
376 1275 499 1353 insunt,
533 1274 610 1338 nihil
632 1289 679 1340 est
701 1281 787 1363 quod
808 1278 909 1361 possit
931 1279 1127 1347 assuetudine

126 1377 255 1442 mouri.
312 1377 519 1461 Quantarmvis
551 1399 645 1461 saepe
672 1403 739 1444 rem
765 1385 979 1465 ponderosam
1003 1403 1127 1446 sursum

128 1481 254 1556 mittas,
284 1501 352 1544 non
373 1480 559 1546 assuefacias
580 1503 647 1546 eam
669 1495 781 1548 eontra
803 1497 934 1549 natiuae
956 1506 1031 1549 snae
1051 1507 1130 1567 pro·

126 1583 296 1668 prietatem
317 1603 442 1646 surstuu
462 1583 559 1647 ferri:
597 1597 629 1648 at
657 1607 761 1651 mores
794 1588 955 1650 hominum
984 1588 1074 1650 huius
1097 1600 1128 1652 et

127 1687 307 1752 istiusmodi
328 1687 406 1748 fiunt
426 1708 488 1767 pro
510 1686 633 1750 diversa
655 1690 870 1752 adsuetudine.
915 1692 958 1752 Et
978 1691 1012 1753 in
1033 1694 1130 1754 rebus

126 1791 253 1875 quidem
276 1788 470 1852 neutralibus
490 1788 626 1870 primum
639 1790 789 1854 habemus
805 1791 919 1875 agendi
936 1791 1127 1867 facilitatem,

126 1917 167 1958 ex
196 1914 265 1977 qua
295 1890 404 1954 deiude
432 1891 565 1976 agimus.
619 1893 731 1975 Neque
758 1892 838 1956 enim
870 1914 966 1973 saepe
995 1891 1130 1956 videndo
1190 1949 1196 1962 ,

127 1995 256 2067 ridendi
284 1991 465 2058 facilitatem
494 1993 734 2076 consequimur,
770 1997 827 2058 sed
848 1995 921 2077 quia
942 2016 1010 2058 eam
1032 1997 1130 2059 habe-

126 2123 217 2177 mus‚
259 2099 335 2163 ideo
357 2095 509 2160 videmus.
568 2095 691 2160 Contra
711 2119 791 2163 vcro
813 2097 844 2160 in
867 2096 904 2162 iis
927 2117 1006 2180 quae
1028 2119 1091 2162 non
1114 2120 1132 2160 a

127 2215 243 2268 natura
256 2201 357 2276 fiunt,
380 2220 439 2282 per
461 2199 598 2262 actiones
622 2201 843 2284 consequimur
865 2199 978 2286 agendi
998 2201 1131 2264 facilita-

125 2319 206 2370 tem.
250 2307 366 2387 Neque
387 2301 468 2364 enim
501 2303 591 2364 aliter
618 2302 710 2366 faber
738 2302 807 2386 quis
836 2303 912 2379 fiat,
949 2302 1009 2366 nisi
1040 2324 1133 2384 saepe

124 2407 264 2474 ediderit
284 2405 424 2470 actiones
444 2404 573 2468 fabriles
595 2407 764 2468 seeundum
785 2405 928 2490 magistri
948 2417 1131 2486 praecepta.

125 2513 238 2594 Quare
260 2533 333 2574 cum
356 2509 469 2572 eudem
490 2510 586 2572 modo
619 2529 848 2591 consequamur
877 2508 1010 2570 virtutes
1044 2511 1134 2588 (narn

126 2616 261 2678 mutuno
283 2613 410 2697 agendo
432 2630 470 2672 ea
491 2631 572 2692 quae
593 2609 782 2692 temperanti
809 2609 1018 2685 conveniunt,
1055 2622 1134 2673 tem-

125 2730 274 2800 perantes
298 2713 480 2792 evadimus)
501 2735 567 2777 non
584 2725 656 2776 sunt
673 2735 728 2776 cae
745 2713 777 2776 in
794 2711 886 2778 nobis
899 2733 958 2795 per
978 2723 1133 2776 naturam.

553 2817 725 2880 XXVIII.

192 2923 258 3004 Qui
280 2941 361 2986 vero
387 2921 495 2986 dictmt
516 2917 695 2982 necessario
715 2939 774 2982 nos
794 2919 873 2982 tales
893 2932 960 2982 tum
982 2940 1050 2985 esse
1072 2931 1138 2982 tum

130 3026 222 3102 fieri,
246 3046 352 3106 neque
370 3023 462 3088 nobis
484 3024 662 3086 libertatern
684 3020 864 3104 relinquunt
885 3024 998 3107 agendi
1020 3035 1051 3084 et
1074 3042 1138 3084 non

131 3128 245 3216 agendi
276 3149 316 3192 ea
336 3148 396 3210 per
418 3131 497 3210 qua'e
519 3125 597 3188 tales
620 3123 797 3201 evadimus,
832 3145 869 3188 ac
890 3136 1061 3206 propterea
1081 3143 1141 3186 nec

132 3233 170 3296 iis
192 3231 246 3316 qui
267 3231 344 3294 mali
372 3241 443 3294 sunt
470 3229 554 3292 facti.
574 3226 709 3292 liberum
740 3229 916 3290 concedunt
947 3224 1045 3288 fuisse
1074 3245 1157 3300 non,

134 3357 172 3398 ea
192 3355 289 3419 agere
311 3354 371 3416 per
393 3354 473 3416 quae
499 3333 577 3395 talcs
604 3341 677 3394 sunt
705 3330 800 3405 facti,
838 3347 940 3409 neque
970 3326 1076 3390 itidem
1103 3327 1141 3390 iis
1222 3343 1232 3370 s

137 3438 192 3522 qui
212 3437 293 3504 boni
315 3447 406 3512 sunt,
442 3456 546 3500 nonne
567 3433 661 3498 fateri
682 3434 795 3496 debent
815 3429 983 3512 pessimum
1006 3430 1142 3494 omninno

133 3540 312 3606 animalium
334 3560 354 3602 a
376 3551 486 3602 natura
508 3538 643 3602 effictum
665 3555 733 3598 esse
753 3533 934 3610 hominem,
980 3533 1067 3597 cuim
1092 3545 1141 3598 ta·

134 3667 202 3710 men
225 3663 326 3708 causa
347 3640 453 3704 dicunt
472 3639 613 3704 extitisse
641 3660 691 3702 res
720 3647 861 3699 caeteras
888 3646 924 3698 ut
950 3635 1017 3700 eius
1047 3636 1139 3700 saluti

131 3742 389 3832 opittdarentur?
432 3742 465 3807 si
486 3742 567 3806 enim
589 3741 792 3824 exipsorum
814 3738 965 3802 sententia
986 3739 1055 3818 sola
1071 3738 1137 3801 vir·

131 3867 179 3920 tus
214 3853 387 3934 solumque
418 3847 548 3924 udum,
587 3843 640 3910 illa
673 3839 797 3926 quidem
825 3843 946 3906 bonatm
975 3852 1046 3916 est,
1081 3842 1144 3903 hoc
