2754 4510
270 315 332 381 236

266 480 373 576 ἀντῷ,
394 486 449 552 καί
470 476 528 550 διά
547 481 611 549 τῶν
628 473 791 548 κολάσεων
805 465 927 562 ταότην
940 471 1179 570 ἐπανόρθωσιν
1196 474 1285 557 τοὺς

267 555 373 668 θεσίς
392 585 672 675 μεμηχανῆσθαις
693 574 737 661 όίς
756 607 836 650 ποτε
857 606 902 675 τιι
887 583 1136 705 κολασθῆναιΙ
1158 606 1198 649 τε
1222 588 1284 648 καὶ

268 692 360 774 δίκην
387 691 558 756 δεδωκέναι
585 683 806 773 ἀπαλλαγέντι
840 685 901 768 τῆς
929 684 1066 805 κακίας,
1113 678 1188 752 ὁῖόν
1219 709 1284 775 περ

228 829 230 834 ·
267 790 369 866 νόσου
397 787 555 913 σώματος
580 793 743 872 δηκτικυῑς
769 813 803 855 τε
831 792 887 855 καὶ
919 783 1072 915 ἀνιαροῖς
1092 810 1162 854 τισι
1185 813 1284 880 φαρ-

266 892 406 986 μάκοις,
444 889 576 983 ἄμεινόν
601 918 636 960 τε
663 891 787 983 πρᾶξαι
813 893 958 1011 γέιοιτο,
994 894 1050 958 καί
1078 891 1283 982 ἐλευθερίας

268 995 342 1068 ἀντὶ
363 998 512 1075 δουλείας
531 989 859 1086 μεταλαμβάνειν,“
850 985 929 1062 ότου
953 989 1005 1081 μὴ
1035 989 1205 1085 ἦπιωτέρα
1230 1021 1283 1073 τις

271 1096 522 1193 ἐπανόρθωσις,
554 1097 612 1167 διά
630 1099 887 1242 μοχθηροτέραν
915 1093 991 1164 τινά
1018 1096 1101 1178 ἕξιν,
1138 1093 1281 1165 δύναιτο

271 1205 507 1285 καθίκεσθαι,
544 1194 611 1282 όίςτ
642 1197 703 1269 066
702 1209 737 1268 έν
757 1196 799 1267 ἀν
819 1194 953 1266 κωλύειν
975 1204 1030 1266 καὶ
1051 1195 1196 1278 ἄκοντας
1219 1225 1282 1267 και

270 1306 349 1386 κούς
369 1304 469 1384 ὄντας
489 1303 567 1384 τοὺς
588 1302 724 1384 κακοὺς,
752 1294 840 1391 όμως
861 1291 1083 1400 κολάζεσθαι,
1105 1300 1212 1370 κακὸν
1234 1305 1278 1384 ¹¹)

270 1406 447 1500 μὲνούδὲν
475 1410 787 1499 προςπεισομένους,
829 1399 898 1471 ἀλλ’
934 1390 1205 1533 ὠφελησομένους
1233 1408 1280 1498 τῷ

269 1506 485 1594 κολάζεσθαι.
524 1505 665 1598 Ωςμέν
646 1503 745 1577 νόῦν
766 1507 828 1575 εἰσί
849 1511 881 1574 οἱ
901 1512 1000 1589 θεολ,
1036 1513 1092 1574 καὶ
1121 1503 1166 1586 ὡς
1193 1475 1285 1601 προ-Ι

269 1617 403 1684 νοοίσιν
424 1608 629 1705 ἀνθρώπων,
664 1606 784 1689 καλῶς
812 1607 850 1680 οὐ
878 1611 986 1678 κακῶν
1014 1605 1117 1678 ἀίτιοι
1144 1608 1274 1691 καλός

271 1721 465 1838 έιμαρμένι
470 1712 710 1808 ἀπαρατρέπτω
732 1711 770 1782 τὸ
792 1713 999 1800 βέλτιστον
983 1708 1136 1794 εκάστοις
1157 1711 1275 1782 ἀπονέ-

270 1846 407 1909 μουσιν,
443 1848 485 1899 ως
511 1820 591 1907 γοῦν
617 1819 754 1911 μετρίως
780 1814 961 1909 ἒιρῇσθαι,
996 1819 1114 1898 ἱκανῶς
1141 1815 1248 1903 ᾔδη’
1232 1844 1274 1886 ει-

243 1980 246 1985 .
273 1919 426 2015 ρήσθω.
479 1943 480 1952 ’

272 2266 579 2334 ΒΗΣΣΑΡΙΩΝ
612 2256 945 2336 ΚΑΡΛΙΝΑᾸΗΣ
982 2266 1073 2334 Tm
1103 2267 1273 2337 ΣΟΦΩΙ

356 2409 444 2476 ΚΑΙ
476 2403 791 2478 ΔΙΔΑΣΚΛΛΩΙ
814 2411 844 2474 I
842 2406 1061 2478 ΕΩΡΓΙΩΙ
1083 2408 1176 2528 ΤῼΙ
1199 2411 1269 2476 ΓΕ-

356 2547 543 2618 Mamm
564 2550 632 2616 EY
648 2527 909 2615 HPATTEIN
1018 2545 1021 2553 “

444 2761 456 2790 .
544 2713 656 2796 Περί
692 2713 1000 2796 έιμαρμένης.

338 2845 384 2914 06
405 2845 470 2937 μὴν
491 2844 578 2915 ἀλλά
598 2854 653 2932 κιὶ
675 2845 714 2915 τό
735 2841 1014 2940 πολυθρόλλητον
1028 2848 1221 2937 έιμαρμένης
1234 2875 1265 2916 τε

271 2957 327 3021 καί
355 2947 498 3036 ἀνάγκης
530 2947 639 3039 δόγμα
674 2953 940 3038 κατατεμαχίζειν
971 2948 1017 3032 ¹²)
1048 2975 1107 3039 μοι
1139 2954 1267 3020 δοκοῦσι
1306 2955 1308 2968 ’

272 3053 471 3144 Σιμντλίκιος
492 3077 527 3119 τε
548 3059 603 3120 καί
620 3048 901 3143 Ὀλυμπιόδωρος
938 3048 956 3119 6
984 3061 1045 3148 μέν
1071 3057 1105 3122 έν
1125 3060 1206 3134 ταῖς
1225 3058 1266 3134 έις

272 3157 314 3225 τό·
333 3156 522 3248 ἐγχειρίδιον
537 3150 732 3238 Ἐπικτήτου
758 3155 983 3237 ἐπιστασίαις,
1011 3151 1266 3246 ἀποτρεπόμενος

271 3259 349 3340 τοὺς
369 3255 478 3334 πάντα
500 3252 745 3343 ἀναγκάζοντας
757 3308 765 3338 ,
802 3252 879 3324 τάτε
905 3255 1139 3352 ἐπιχειρήματα
1167 3257 1266 3341 ἀυτῶγ

273 3368 483 3451 ἐκτιθέμενος
514 3366 570 3428 καλ
597 3356 804 3450 ἀνατρέπων,
840 3363 912 3428 έῖτα
946 3358 1047 3440 ἀστός
1075 3358 1264 3442 ,ἀποδεικνὺς

271 3471 327 3535 καὶ
350 3466 588 3559 συμπεραίνων,
609 3459 669 3545 τὴν
689 3459 858 3559 ὑπόληψιν
879 3467 934 3531 καί
956 3461 1060 3553 όρεξιν
1081 3465 1140 3547 τῆς
1153 3467 1263 3560 ψυχῆς,

164 3602 166 3607 ·
271 3575 327 3638 καί
347 3560 431 3648 όλως
452 3565 510 3650 τὴν
531 3563 657 3660 ἀίρεσιν
678 3573 732 3633 καὶ
753 3563 1193 3659 προαίρεσινάυτεξοόσισν,
1213 3575 1263 3637 καί

271 3669 423 3760 οὐδαμῶς
443 3668 689 3759 ἠναγκασμένην
711 3673 802 3739 έίναι.
835 3667 967 3749 ’Ἄλλως
987 3668 1051 3761 γὰρ
1073 3667 1149 3737 οὐδὲ
1167 3667 1262 3740 ὀίεται

271 3774 311 3854 τὸ
332 3772 544 3856 ἀυτοκίνητον
565 3770 666 3857 ἀυτῆς
687 3770 856 3856 σώζεσθαι
878 3768 1068 3854 δύνασθαι,
1104 3779 1161 3840 καὶ
1188 3767 1262 3854 ὅλως

272 3877 375 3966 ἀυτὴν
396 3876 455 3964 τὴν
475 3873 607 3962 οὐσίαν,
629 3872 696 3946 ἀλλ’
721 3869 792 3970 ἅμα
813 3877 852 3974 τῇ
873 3877 932 3949 τοῦ
954 3878 996 3972 ἒιγ
1013 3870 1090 3964 ἡμῖν
1104 3872 1260 3972 ἀναιρέσει
