2694 4508
1074 274 1114 338 11

99 435 176 504 fieri
200 435 422 502 simulacrum.
465 437 573 518 Quare
595 457 666 500 cum
690 437 751 503 ista
776 437 838 505 sint
865 459 1030 504 causarum
1059 463 1118 528 ge.

98 563 200 620 nera,
227 553 264 604 et
284 539 356 604 istis
379 539 589 604 discriminata
610 540 838 619 varietatibus,
861 544 966 626 palam
983 555 1031 608 est
1046 547 1112 610 Fa-

99 659 169 710 tum
197 645 274 710 iure
293 643 379 707 inter
398 665 452 707 eas
465 645 621 720 nominari
638 665 767 722 causas,
790 668 868 730 quas
883 648 1013 732 opifices
1029 648 1115 715 dixi-

98 771 196 826 mus,
238 746 318 832 quia
339 747 607 833 comparationem
627 749 660 814 in
682 769 717 814 se
738 749 877 816 continet
899 771 970 816 oum
992 752 1114 818 artifice

99 852 268 918 simulacri
289 852 456 918 effectore.
1040 873 1044 878 ·

596 1257 644 1323 V.

171 1362 277 1450 Qnod‘
290 1381 364 1424 cum
385 1359 430 1426 ita
450 1384 485 1427 se
507 1258 643 1440 habdat,
683 1383 879 1448 consequens
909 1376 957 1428 cst
982 1367 1020 1428 de
1044 1367 1118 1449 opi·

103 1467 219 1530 ficibus
240 1463 346 1528 caruis
375 1466 507 1550 amplius
535 1466 735 1533 disseremus.
791 1470 870 1532 Inde
903 1468 986 1532 enim
1018 1491 1118 1553 appa-

106 1569 191 1634 rebit
230 1591 272 1632 an
313 1569 451 1632 omnium
485 1591 565 1653 quae
594 1570 674 1634 finmt
709 1591 804 1634 causa
839 1572 1044 1636 adscribendo
1076 1572 1118 1636 sit

105 1675 211 1750 Fato,
253 1693 294 1735 an
322 1693 404 1736 vero
433 1672 494 1737 alia
521 1673 703 1737 incensum
726 1673 815 1738 illum
837 1695 1000 1738 causarum
1024 1675 1118 1757 opifi-

108 1799 177 1839 cum
207 1774 323 1840 vocari
350 1776 497 1840 debeant.
541 1776 732 1840 Aristoteles
761 1789 876 1842 cuncta
903 1799 984 1861 quae
1017 1777 1116 1854 fiunt,
1224 1822 1232 1830 -

115 1878 327 1961 dispartiens,
358 1881 510 1961 quaedam
532 1878 574 1941 ait
595 1878 723 1943 alicuius
744 1879 792 1944 rei
814 1901 894 1965 ergo
916 1881 1006 1955 fieri3
1029 1900 1117 1943 nem·

110 2003 151 2066 pe
171 2005 244 2044 cum
265 1981 294 2046 is
317 1980 372 2064 qui
392 2003 461 2044 rem
483 1981 597 2058 efficit,
645 1983 742 2046 habet
761 1982 796 2046 in
828 1995 1002 2065 conspectu
1025 1983 1119 2047 animi

109 2087 266 2168 quendam
289 2085 377 2148 velut
397 2084 492 2148 finem
512 2084 580 2151 sive
601 2107 734 2169 scopum
764 2108 841 2170 quo‘
859 2085 980 2152 tendit:
1020 2107 1118 2170 quae·

109 2191 179 2250 dam
202 2209 284 2252 vero
306 2209 372 2251 non
400 2186 445 2252 ita
473 2187 556 2252 fieri.
623 2189 838 2274 Quaecunque
871 2193 953 2256 enim
981 2213 1046 2255 nou
1079 2193 1120 2254 ad

109 2291 227 2374 aliquid
264 2290 460 2354 destinantur
495 2294 535 2355 ab
568 2291 684 2376 opifice
720 2314 823 2377 neque
859 2295 1043 2358 reseruntur
1079 2293 1119 2356 ad
1215 2379 1219 2386 ι

108 2393 205 2458 tinem
227 2393 363 2478 aliquem
392 2394 570 2471 definitum,
609 2395 713 2480 qualia
740 2409 813 2460 sunt
840 2397 1033 2461 iesutcarum
1061 2418 1117 2479 ap-

107 2497 279 2580 prehensio
310 2496 513 2580 versatioque
535 2485 567 2563 et
587 2498 725 2581 pilorum
756 2499 967 2564 contrectatio
997 2511 1028 2562 et
1061 2520 1117 2562 ex·

108 2600 210 2664 tensio
244 2612 277 2662 et
305 2599 333 2664 si
366 2621 446 2683 quae
477 2600 525 2664 his
559 2614 632 2666 suut
660 2601 767 2684 paria,
802 2600 877 2664 talia
903 2600 973 2663 fieri
993 2600 1118 2684 quidem

111 2713 255 2779 constat,
290 2712 324 2764 at
344 2724 409 2766 non
436 2705 553 2766 habent
581 2704 614 2768 id
648 2727 760 2768 causae
792 2725 891 2790 genus
926 2707 1013 2788 quod
1039 2724 1118 2786 pro·

110 2805 252 2888 positum
274 2817 306 2870 et
335 2806 455 2870 cuius
484 2827 585 2891 ergo
608 2807 755 2871 diximus.
799 2809 861 2872 Illa
881 2807 998 2894 igitur,
1038 2829 1118 2891 qnae

110 2909 156 2972 sic
189 2911 229 2972 de
261 2909 439 2991 improviso
470 2909 740 2994 indeliberatoque
772 2911 873 2989 sumt,
912 2913 1029 2975 nullam
1057 2913 1115 2974 ha·

111 3013 187 3076 bont
219 3011 253 3076 in
285 3032 321 3075 se
357 3012 482 3097 dignam
517 3015 556 3076 de
593 3035 655 3098 qua
686 3015 855 3099 loquamur
891 3015 1118 3079 diversitatem.

114 3117 239 3180 Eorum
269 3135 350 3179 vero
379 3137 460 3198 quae
489 3116 640 3188 adalind
664 3118 845 3206 referuntur
866 3117 994 3202 eiusque
1016 3117 1118 3201 gratia

111 3218 210 3296 nunt,
248 3217 311 3280 alia
331 3215 411 3280 fiunt
430 3229 568 3296 natura,
607 3220 667 3284 dia
695 3221 830 3286 ratione.
875 3223 957 3286 Nam
979 3242 1119 3304 eaquae

109 3333 200 3387 ortus
222 3321 275 3386 sui
297 3341 422 3385 causam
442 3322 559 3386 habent
580 3335 741 3402 nanuum,
779 3346 840 3407 per
871 3335 977 3388 certos
1010 3345 1120 3390 muue-

108 3445 164 3488 ros
188 3447 227 3488 ac
250 3426 368 3508 gradus
390 3427 567 3506 procedunt
589 3429 628 3492 ad
649 3427 681 3490 id
702 3449 767 3511 quo
793 3425 1002 3492 destinantur:
1033 3430 1120 3510 quod

108 3528 163 3592 ubi
192 3537 368 3593 consecuta
395 3539 467 3590 suunt
496 3549 575 3612 quae
603 3530 703 3606 fiunt,
750 3529 905 3593 desinunt·
927 3529 1015 3608 fieri„
1060 3529 1119 3594 nisi

111 3631 195 3694 aliud
228 3628 349 3712 aliquid
383 3631 421 3692 de
452 3641 635 3697 transvorso
668 3632 855 3696 interveniat
893 3643 924 3696 et
963 3634 1044 3696 vium
1081 3636 1120 3696 ad

112 3732 145 3796 id
171 3756 239 3818 quo
269 3734 401 3795 tendtmt
429 3732 647 3816 interrumpat.
714 3737 776 3800 Sed
807 3758 845 3826 pa
881 3759 960 3822 quae
997 3736 1118 3801 ratione

116 3836 194 3902 fiunt
217 3834 356 3922 aliquem
383 3836 497 3900 hubent
526 3837 620 3902 finem
642 3839 865 3923 propositum:
909 3863 1010 3924 noque
1039 3840 1117 3904 enim
