2748 4514
1068 329 1129 395 109

123 519 204 562 vero
226 517 288 560 uos
310 517 375 559 non
396 493 538 578 quemvis
562 492 615 576 qui
640 492 757 578 aliquid
774 496 868 559 saciat
899 501 986 582 quod
1006 503 1128 582 placet,

120 603 250 665 dicimus
277 611 367 664 recte
397 619 508 682 agere,
544 617 602 660 nec
622 599 806 681 delinquere
835 623 905 665 eum
931 604 985 686 qui
1013 607 1127 688 quovis

122 708 218 770 modo
249 703 369 785 aliquid
403 701 478 764 facit
510 701 675 775 indecens;
718 706 774 765 sed
805 717 871 767 tum
904 709 1026 771 demum
1056 733 1127 772 eum

123 809 192 893 quis
215 807 392 870 libertatem
412 806 531 866 habens
555 807 594 865 ad
610 805 743 886 peiora,
780 808 889 892 deligit
915 812 1039 897 et-agit
1063 837 1129 877 me-

123 913 224 987 liora,
261 931 334 972 eum
362 907 491 970 dicimus
520 920 606 970 reete
636 931 744 993 agere.
790 912 873 973 Nam
898 912 925 974 si
949 914 1018 996 quis
1042 917 1130 981 forte

124 1015 255 1079 lortuna
281 1014 390 1076 eadem
413 1011 526 1087 saciat,
565 1033 635 1074 eum
661 1025 746 1075 recte
769 1005 865 1097 agere
891 1037 955 1077 non
985 1017 1127 1095 dicimus,
1187 1081 1192 1096 ‚

125 1117 197 1202 quia
217 1129 254 1179 ut
271 1127 361 1179 recte
383 1115 501 1198 aliquid
522 1115 575 1199 agi
593 1114 765 1190 iudicetur,
790 1139 854 1181 non
875 1117 908 1179 id
929 1121 968 1180 ab
994 1121 1128 1184 actioni-

125 1225 183 1284 bus
205 1222 323 1301 pendet
343 1218 439 1293 solis,
477 1220 533 1280 sed
561 1219 660 1282 multo
691 1229 762 1281 ante
789 1223 828 1282 ab
859 1221 953 1284 animi
978 1223 1132 1286 constitu«
1174 1296 1179 1310 s

126 1325 211 1388 riom
238 1335 270 1385 et
296 1321 434 1384 efficacia
455 1342 496 1383 ex
517 1343 580 1403 qua
597 1321 689 1384 fiunt.
733 1324 915 1406 Eademque
944 1325 976 1388 in
1008 1327 1129 1392 delictis

128 1427 225 1489 ratio.
268 1425 335 1488 Illis
357 1444 437 1487 vero
458 1424 586 1486 libertas
605 1425 718 1508 agendi
739 1425 798 1488 alia
819 1450 913 1510 quam
934 1450 1013 1512 quae
1036 1443 1133 1514 agunt

129 1553 147 1592 a
178 1532 274 1592 rebus
301 1526 573 1590 circumstantibus
595 1527 797 1609 abripitur„
821 1530 898 1612 ipsis
926 1531 958 1594 in
993 1533 1040 1595 id·
1057 1533 1135 1595 nihil

130 1629 422 1704 contribuentibus,
445 1641 481 1691 ut
500 1629 572 1692 talia
589 1629 677 1711 ipsos
690 1631 892 1695 circumstent
906 1647 1040 1716 propter
1051 1657 1132 1718 quae

130 1746 240 1821 egum.
301 1735 345 1796 Et
371 1733 448 1796 tales
471 1734 633 1814 quomodo
661 1733 730 1815 quis
763 1735 845 1797 dicat
872 1748 925 1798 aut
954 1738 1136 1821 delinquere

131 1851 184 1902 aut
213 1849 304 1901 recte
328 1835 448 1920 agere?
484 1836 566 1896 Nam
598 1855 700 1917 neque
732 1837 764 1899 in
788 1850 947 1918 potestate
979 1840 1050 1922 quis
1080 1863 1137 1903 sua
1214 1837 1228 1854 ”

130 1944 247 2016 babet,
279 1951 331 2002 aut
347 1960 387 2002 ne
409 1938 448 2000 sit
465 1929 506 2000 in'
518 1936 574 1999 tali
599 1937 691 2000 animi
711 1950 812 2015 statu,
852 1940 908 2022 qui
932 1943 1077 2005 nascitur.
1097 1965 1139 2005 ex

132 2043 328 2128 appetitione
360 2044 401 2105 ad
432 2043 510 2104 haec
543 2053 595 2102 aut
629 2041 683 2103 illa
715 2045 858 2126 agenda,
896 2044 952 2106 ubi
984 2046 1062 2109 tales
1087 2068 1140 2110 res

132 2149 353 2222 circumstant,
377 2166 437 2208 nee
453 2166 518 2228 quo
537 2143 637 2207 minus
659 2145 736 2206 tales
760 2167 812 2210 res
835 2168 907 2210 eum
924 2147 1145 2214 circumstent.·

134 2255 219 2316 Nam
248 2252 292 2314 ob
318 2252 376 2312 has
398 2269 506 2311 causas
532 2249 652 2310 nullum
674 2248 787 2312 animal
810 2261 929 2312 mutum
958 2255 998 2314 de
1026 2254 1141 2316 talibus

135 2374 331 2417 accusamus.
375 2352 421 2414 At
446 2372 525 2415 vero
547 2351 601 2433 qui
622 2353 662 2412 ad
680 2355 834 2436 agendum
855 2353 990 2416 trahitur
1014 2357 1054 2416 ab
1069 2356 1140 2418 visto

136 2456 231 2520 animi
266 2468 349 2518 statu
386 2466 418 2517 et
447 2453 513 2516 istis
544 2449 639 2516 rebus
673 2455 964 2533 circumstantibus,
1005 2478 1142 2541 quorum

139 2560 278 2624 omnium
298 2580 338 2620 ne
365 2558 410 2620 ita
424 2578 465 2620 se
489 2559 625 2622 habeant
648 2556 717 2638 ipse
747 2557 890 2631 dominus
911 2579 987 2622 'non
1015 2571 1080 2634 est,
1115 2558 1143 2623 is

138 2675 226 2726 certe
251 2661 360 2727 necin
377 2661 414 2726 iis
440 2681 520 2744 quae
545 2661 590 2724 sic
612 2661 694 2745 agit,
724 2673 811 2724 recte
836 2682 931 2745 agere
957 2683 1016 2724 nec
1043 2661 1142 2724 delin-

141 2787 240 2849 quere
269 2764 331 2828 dici
364 2776 484 2847 potest.
550 2763 632 2828 Cum
655 2786 734 2828 vero
760 2764 954 2827 laudationes
992 2776 1023 2827 et
1050 2765 1143 2848 ‚vitu-

138 2869 319 2954 perationes
345 2868 450 2931 locum
475 2868 610 2930 babeant
630 2865 715 2929 circa
743 2889 780 2930 ea
807 2879 979 2951 querente
1005 2878 1143 2952 aguntur

140 2984 193 3036 aut
225 2993 305 3055 qnae
332 2982 526 3052 peccantur,
568 2969 659 3034 etiam
692 2969 768 3052 ipsis
800 2971 970 3035 fatentibus
999 2982 1143 3052 apertum

140 3088 188 3138 est
208 3075 257 3138 his
282 3073 411 3136 sublatis
437 3073 529 3137 etiam
549 3073 602 3135 illa
626 3073 707 3137 tolli.
752 3073 802 3136 De
825 3073 894 3138 Diis
918 3086 1020 3138 autem
1049 3092 1145 3155 agere

140 3191 228 3242 recte
271 3199 335 3240 non
369 3177 502 3260 proprie
540 3177 671 3240 dicitur:
719 3179 776 3240 sed
809 3177 894 3241 sorte
933 3176 994 3239 diei
1034 3184 1140 3255 potest

142 3303 200 3345 eos
228 3281 314 3344 bona
339 3279 467 3357 facere,
515 3280 659 3344 nimirum
687 3280 759 3363 quia
783 3279 814 3344 in
844 3279 956 3362 quibus
983 3288 1031 3340 est
1055 3287 1141 3338 recte

144 3404 260 3470 agere,
289 3383 321 3446 in
338 3382 375 3446 iis
394 3395 441 3446 est
462 3394 493 3445 et
513 3405 659 3463 peccare.
707 3385 781 3446 No'u
804 3395 850 3446 est
871 3393 974 3444 autem
995 3378 1148 3460 peccandi
1170 3461 1174 3470 Ι

146 3508 249 3569 capax
278 3497 388 3548 natura
421 3485 536 3548 divina.
581 3487 624 3548 Et
647 3497 781 3568 propter
806 3487 869 3548 hoc
896 3483 1145 3560 noulaudamus

145 3589 236 3654 Deos
269 3587 342 3671 quia
375 3588 508 3652 maiores
538 3588 599 3650 sint
629 3599 659 3650 et
691 3587 808 3670 positi,
860 3598 926 3650 tum
955 3607 1053 3668 supra
1077 3585 1145 3648 lau„

147 3695 224 3768 des,
276 3704 343 3756 tum
383 3713 479 3774 supra
519 3691 669 3756 vinetum
704 3690 862 3765 actiones,
906 3710 988 3772 quae
1030 3686 1178 3756 laudari·

143 3796 262 3858 solent.
