2754 4510
1085 349 1147 414 22³

138 541 159 585 a
189 529 304 582 natura
337 515 379 582 eit
410 515 622 592 indefinitum,
669 516 827 580 invehitur
857 527 892 580 ut
919 518 963 581 ita
991 519 1091 582 dicam
1112 519 1144 584 id

139 623 227 706 qnod
248 631 379 684 nostrae
400 631 448 683 est
473 618 652 702 potestatis.
705 620 802 701 Quod
827 633 929 684 autem
949 622 1041 685 nobis
1065 623 1145 686 deli·

140 723 287 810 gentibus
312 721 385 798 fiet,
407 721 472 785 hoc
493 722 554 785 erit
575 743 702 799 verum,
733 722 900 786 falsumve.
945 724 1042 805 Quod
1064 747 1145 790 vero

138 837 297 909 potestate
318 836 382 903 est,
418 825 524 888 differt
546 825 585 886 ab
612 846 669 901 eo,
708 825 795 908 quod
820 824 1003 888 habitudine
1023 838 1054 889 et
1072 839 1145 891 actu

139 949 209 992 esse
231 927 358 991 dicinu.
402 929 486 991 Nam
506 929 593 1009 quod
614 938 770 1008 potestate
792 947 860 989 esse
887 927 1016 1005 dicitur,
1062 929 1143 1013 apti-

139 1032 278 1096 tudinem
309 1031 465 1113 quandam
506 1027 663 1114 signifieat
696 1029 729 1092 in
761 1047 818 1094 eo·
841 1030 895 1114 qui
930 1031 1143 1098 habitudinem

138 1137 279 1198 nondum
325 1146 372 1196 est
414 1135 559 1215 adeptus.
629 1131 684 1195 sic
715 1153 797 1215 puer
832 1145 990 1216 potestate
1022 1133 1144 1199 dicetur

138 1235 285 1302 hterator
312 1248 383 1314 aut,
418 1247 472 1299 aut
501 1235 619 1300 tibicen
642 1247 696 1298 aut
719 1235 824 1300 saber.
879 1235 952 1300 Erit
980 1249 1082 1300 autem
1107 1237 1140 1302 in

138 1338 319 1406 babimdine
344 1339 436 1402 unius
458 1339 574 1403 bonum
592 1350 645 1401 aut
665 1338 824 1421 plurium,
847 1339 903 1403 ubi
922 1339 1082 1417 didicerit,
1111 1353 1143 1405 et

139 1442 353 1508 hebitudinem
382 1442 444 1507 erit
472 1453 674 1508 consecutio.
724 1443 762 1508 ln
797 1453 869 1506 actu
897 1465 978 1509 veno
1012 1444 1068 1508 ubi
1103 1465 1145 1509 ex

138 1545 321 1612 hebitudine
346 1545 414 1611 sive
437 1546 585 1611 facilitate
609 1546 778 1630 illaquam
801 1544 834 1608 in
859 1567 893 1610 se
913 1548 1009 1610 habet
1028 1568 1143 1631 opera·

138 1649 238 1714 bitur.
281 1651 327 1714 At
342 1649 375 1713 id
396 1651 484 1736 quod
503 1649 575 1714 fieri
595 1658 719 1732 potest,
743 1645 821 1709 nihil
843 1659 890 1710 est
914 1647 1042 1711 borum.
1080 1648 1145 1713 Sed
1273 1716 1281 1724 .

139 1773 212 1816 enm
236 1773 298 1835 per
317 1773 351 1818 ee
369 1754 409 1818 sit
429 1753 623 1817 indefinitum
640 1751 673 1816 in
694 1771 734 1815 eo
756 1751 843 1834 quod
862 1761 991 1814 nostrae
1016 1762 1064 1814 est
1082 1770 1144 1833 po·

138 1853 283 1933 tentatie,
312 1869 409 1939 prout
430 1857 508 1922 illud
531 1859 595 1928 buc
616 1867 670 1919 aut
693 1853 770 1918 illue
787 1852 938 1931 vertent,
972 1851 1087 1936 accipit
1106 1863 1144 1916 ut

140 1969 196 2026 tut
217 1977 331 2026 venum
351 1960 408 2042 sit,
438 1973 492 2028 eut
512 1958 654 2028 nonsit.
701 1993 704 2000 ·
