2748 4514
232 320 292 380 112

228 469 411 553 ἀίτιᾶσθαι
431 487 482 568 ²),
505 484 636 556 οὐδέν’
587 514 665 568 εις
684 485 722 556 τὸ
747 485 833 557 ὁάτω
858 492 962 574 λέγειν
982 487 1243 568 συντελοῦντας,

194 583 197 590 ’
231 591 293 675 ε’ίγε
316 613 396 679 μητε
423 591 488 656 τῶν
503 588 741 711 περιεστώτων,
762 588 844 680 μήτε
869 593 928 672 τῆς
953 592 1060 683 ἕξεως,
1091 585 1222 657 καθ’
1199 617 1243 671 ην

227 688 295 758 ὑπὸ
317 692 380 758 τῶν
407 688 628 779 περιεστώτων
649 689 753 771 ὁάτως
779 690 900 786 ἀυτους
921 697 1095 759 κινεῖσθαι
1117 696 1243 781 συμβέ-

227 798 342 880 βηκεν,
371 791 430 875 τὴν
458 791 569 864 ἀιτίαν
594 796 722 885 ἔχουσιν
744 800 777 863 ἐν
797 793 919 874 ἀστοῖς.
957 792 1009 862 Ει
1032 797 1067 862 δέ
1090 797 1244 877 ἐξουσίαν

228 897 341 984 ἔχομεν
366 905 421 964 καὶ
442 895 552 988 χεῖρόν
577 924 610 965 τι
643 904 699 966 καὶ
727 902 859 985 βέλτιον
884 901 999 979 ἐιπεῖν,
1035 900 1085 976 τίς
1114 894 1176 964 οὐκ
1200 896 1244 966 ἀν

229 997 337 1066 ἀυτῶν
357 997 542 1088 θαυμάσαι
569 999 628 1083 τὴν
655 999 818 1069 σύνθεσιν
842 1004 903 1069 τοῦ
930 997 1079 1118 λόγου
1057 1027 1101 1078 ως
1127 1006 1242 1092 πέριτ-

226 1127 286 1221 την
309 1105 337 1184 5)
361 1109 415 1170 καὶ
436 1104 469 1184 ἐξ
470 1100 763 1228 ὁμολογουμένων
785 1111 840 1172 καὶ
864 1106 1007 1233 ἐναργῶν
1026 1099 1242 1190 συνάγουσαν

227 1203 329 1293 τὸμὴ
352 1209 433 1287 δεῖν,
458 1209 503 1274 ών
517 1205 559 1288 ἠν
575 1204 613 1274 τὸ
635 1207 704 1298 ἀρα
723 1209 781 1287 τῆς
801 1213 875 1299 περὶ
896 1206 974 1284 τούς
995 1205 1241 1294 συλλογισμοὺς

228 1306 387 1394 ἀσχολίας
413 1311 561 1399 μακράςς
609 1312 743 1398 Θέμενοι
776 1307 841 1400 γάρ
881 1307 921 1376 τὸ
949 1306 1009 1392 τὴν
1041 1311 1241 1400 ίιμαρμένην

225 1410 381 1501 χρῆσθαι
401 1413 484 1477 πάσι
506 1417 575 1490 τοῖς
592 1409 744 1498 γεγονόσι
758 1438 792 1480 τε
808 1418 863 1479 καὶ
879 1417 1067 1501 γινομένους
1089 1409 1173 1481 καθ’
1196 1416 1241 1480 6-

226 1517 408 1604 μαρμένην,
437 1510 519 1604 πρὸς
538 1512 598 1596 τὴν
615 1512 783 1583 ἀκώλυτον
792 1518 859 1594 ,τῶν
872 1511 922 1582 ὑπ’
943 1511 1045 1597 ἀυτῆς
1059 1519 1240 1604 γινομένων

229 1619 406 1708 ἐνέργειαν,
435 1613 538 1697 ὁάτως
560 1613 603 1697 ώς
625 1623 756 1705 γέγονεν
781 1623 919 1687 ἕκαστον
941 1615 1063 1700 ἀυτῶν,
1095 1625 1154 1685 καλ
1173 1614 1239 1712 φεί-

229 1743 309 1798 σεως
332 1720 414 1808 ἔχει,
451 1722 540 1814 λίθῳ
567 1718 610 1800 ώς
632 1725 739 1815 λίθῳ,
772 1723 866 1816 φυτῷ
892 1725 927 1788 δέ
954 1717 997 1799 ώς
1021 1723 1132 1814 φυτῷ,
1166 1717 1237 1814 ζώῳ

226 1826 262 1890 δέ
281 1818 323 1902 ώς
337 1820 423 1917 ζώῳ,
445 1829 472 1892 έι
489 1828 525 1892 δέ
541 1821 584 1906 ὡς
601 1821 688 1918 ζώῳ,
709 1833 764 1893 καὶ
787 1822 972 1917 ὁρμητικῷ,
994 1826 1027 1892 ἐν
1038 1825 1084 1916 τῷ
1099 1829 1237 1894 τιθέναι

226 1925 266 1993 τὸ
289 1930 445 2020 χρῆσθαι
466 1927 569 2012 ἀυτὴν
600 1931 645 2022 τῷ
674 1925 743 2022 ζώω
763 1925 806 2006 ώς
827 1924 896 2021 ζώω
911 1953 944 1994 τε
970 1933 1025 1993 καὶ
1052 1923 1236 2021 ὁρμητικῷ,

225 2038 281 2097 καὶ
308 2032 466 2117 γίνεσθαι
498 2031 542 2099 τά
569 2029 624 2125 ἀφ’
656 2029 763 2099 ἀυτῶν
792 2029 848 2101 διά
876 2031 940 2098 τών
968 2027 1056 2112 ζώων
1079 2027 1236 2120 γινόμενα

226 2130 313 2198 κατὰ
333 2132 391 2215 τὴν
413 2137 477 2202 τών
498 2131 587 2216 ζώων
606 2131 729 2226 ὁρμὴν,
764 2136 927 2222 ἑπομένων
950 2139 1005 2200 καὶ
1027 2129 1155 2201 τούτων
1172 2137 1237 2202 τῶν

226 2236 260 2316 ἐξ
279 2231 423 2322 ἀνάγκης
446 2231 666 2328 περιεστώτων
693 2234 780 2305 ἀυτά
808 2234 893 2314 τότε
907 2232 1031 2314 ἀιτίαις
1055 2231 1102 2326 4),
1136 2229 1235 2305 ἀτινα

225 2335 267 2406 ἀν
299 2333 472 2427 ἡγούμενοι
497 2337 553 2407 διά
577 2343 638 2407 τοῦ
662 2337 701 2406 τὸ
722 2344 751 2423 5)
784 2337 864 2407 καθ’
893 2335 998 2431 ὁρμὴν
1027 2342 1166 2431 ἐνεργεῖν
1193 2338 1235 2408 τά

128 2527 133 2538 l
227 2442 294 2523 ζῶα
315 2449 443 2533 τηρεῖν,
471 2445 505 2510 ἐν
521 2444 566 2536 τῷ
587 2436 719 2511 ἅπαντα
742 2444 901 2530 γίνεσθαι
921 2439 1003 2510 καθ’
1026 2445 1234 2533 έιμαρμένην,

224 2553 280 2614 καὶ
303 2542 342 2612 τὸ
365 2545 393 2628 ⁶)
419 2542 467 2640 ἐφ’
495 2542 573 2635 ημῖν
597 2549 679 2614 ε’ῖναί
703 2543 742 2616 τι
760 2553 876 2637 τηρεῖν.
938 2541 1024 2624 Τοώς
1048 2570 1082 2612 τε
1111 2543 1234 2626 ἀλλους

225 2645 284 2718 ὀῦν
315 2652 457 2742 ἐρωτῶσι
484 2646 619 2738 λόγους,
660 2657 716 2717 καὶ
740 2647 780 2732 δὴ
813 2655 869 2716 καὶ
896 2644 953 2715 τὸν
980 2652 1233 2741 προειριηιένον,

224 2756 297 2838 ἐμοὶ
313 2757 405 2820 δοκεῖ
407 2805 415 2835 ,
445 2749 488 2833 ώς
510 2751 569 2824 οὐκ
584 2750 712 2836 ἀληθεῖ
727 2748 934 2830 πιστεύοντες
951 2753 1111 2818 τοσοῦτον
1133 2748 1232 2844 ἀυτῷ,

225 2847 304 2922 ὅσον
328 2853 385 2922 ὃιά
410 2858 515 2942 μῆκος
538 2883 571 2925 τε
600 2862 657 2924 καὶ
677 2859 812 2938 πλῆθος
837 2850 1006 2942 ὀνομάτων
1025 2859 1082 2922 καὶ
1111 2851 1233 2946 ἀσαφῆ

224 2953 386 3026 σύνθεσιν
405 2956 562 3050 παράξειν
576 2965 605 3041 7)
627 2956 803 3048 ἡγούμενοι
823 2956 902 3036 τοίις
926 2954 1118 3036 ἀκούοντας.
1132 2955 1232 3026 ''166-

221 3086 281 3150 μιν
302 3064 338 3130 δέ
359 3057 398 3129 τὸ
420 3058 592 3150 λεγόμενον
608 3059 717 3147 ἡμεῖς,
750 3068 805 3129 καὶ
827 3059 899 3145 [διά
916 3063 989 3142 τοῦ]
1012 3064 1040 3141 9)
1065 3057 1233 3127 τάπολλά
1322 3147 1325 3154 .

221 3169 287 3234 τών
311 3169 463 3255 κειμένων
491 3161 661 3253 ὀνομάτων
687 3161 971 3257 παραιτησάμενοι
996 3161 1035 3232 τὸ
1061 3165 1136 3245 νῦν,
1173 3160 1232 3244 τὴν

222 3273 258 3336 δὲ
279 3272 504 3362 πεπρωμένην,
534 3275 589 3335 καὶ
607 3266 666 3350 τὴν
686 3266 805 3349 ἀῖσαν,
838 3275 893 3335 καὶ
915 3265 975 3350 τὴν
995 3271 1134 3354 νέμεσινΙ
1147 3261 1231 3359 ἀφε-

222 3369 349 3453 λόντες,
371 3370 422 3453 ὁῖς
447 3368 608 3460 ὀνόμασιν
623 3367 672 3465 ἐφ’
692 3363 735 3440 ὧν
749 3368 862 3450 ἀυτυῖς
880 3374 972 3438 δοκεῖ
987 3373 1232 3458 σημαινομένων

134 3508 137 3520 ¹
170 3537 174 3552 ,
219 3478 378 3565 χρῶνται,
412 3479 463 3544 έπλ
485 3478 547 3544 τῶν
568 3473 676 3543 ἀλλων
697 3470 902 3563 ἐξετάσωμεν.
936 3471 1052 3556 ’Ἄξιον
1078 3469 1143 3563 γάρ
1164 3499 1230 3560 μα-

220 3581 300 3645 θεῖν
320 3576 379 3658 τὴν
400 3576 545 3666 ἀνάγκην
574 3606 631 3663 της
656 3577 865 3657 ἀκολουθίας
893 3573 1016 3659 ταύτης
1036 3579 1080 3656 9)·
1110 3572 1149 3642 οὐ
1164 3571 1229 3665 γάρ

218 3684 290 3747 έστι
309 3689 369 3769 μὲν
389 3679 565 3766 τοιαάτηη
587 3686 764 3803 έιμαρμένη
776 3736 785 3766 ,
808 3678 867 3750 οὐκ
890 3681 959 3752 ἔστι
985 3683 1020 3747 δέ
1006 3673 1145 3768 ένόμος
1174 3681 1229 3760 99).

214 3777 264 3848 Ει
297 3781 362 3876 γάρ
392 3783 436 3850 τά
469 3794 530 3874 μὲν
565 3783 721 3906 γινόμενα
754 3780 837 3852 καθ
882 3785 1077 3874 ειμαρμίνην
1116 3785 1228 3849 ἕπεται

219 3891 289 3966 τοῖς
322 3882 403 3969 εξ
383 3882 526 3974 ανάγκης
554 3885 640 3964 ἀντά
673 3889 882 3979 περιεστῶσιν
910 3884 1049 3967 άιτίοις,
1085 3891 1140 3952 καί
1170 3881 1228 3971 οὐχ
