2748 4514
304 581 343 648 02
365 572 629 669 συγχωρήσαντες
650 571 901 660 ιἰναποβλητους
923 572 983 653 τὰς
996 568 1117 667 ἀρετάς
1135 595 1170 640 τε
1185 579 1249 641 καὶ

236 684 352 760 κακίας
379 683 462 748 ε’ῖναι
490 681 567 758 ἴσως
594 673 844 771 προχειρότερον
871 674 1094 764 λαμβάνοντες
1116 678 1248 763 λίγοιεν

235 783 279 852 ἰίν
307 787 334 866 ¹)
366 781 452 851 κατόι
478 784 576 850 τοῦτο
605 779 664 859 τίις
696 781 773 862 ἕξεις
802 783 852 847 ἐπὶ
880 785 949 858 τοῖς
978 780 1107 867 ἔχουσιν
1139 781 1247 860 ε’ῖναι,
1295 771 1308 794 “

234 881 389 954 καθόσον
410 883 475 977 πρὸ
498 886 557 952 τοῦ
579 886 693 970 λαβεῖν
713 879 834 964 ἆυτὰς,
867 879 912 949 ἐπ’
936 869 1163 964 661069662)
1185 888 1247 949 καὶ

194 995 197 1002 ’
232 987 278 1079 μὴ
299 993 422 1076 λαβεῖν.
474 984 525 1055 ’οί
545 1011 579 1053 τε
600 983 670 1077 γὰρ
686 976 746 1064 τὰς
768 981 886 1077 ιἰρετόις
913 985 1054 1073 ἔχοντες,
1092 982 1164 1067 ἐξὸν
1186 991 1248 1052 καί

233 1089 272 1160 τό
299 1095 363 1160 τῶν
390 1086 567 1177 βελτιόνων
595 1084 724 1176 ἀμελεῖν
759 1091 810 1171 5),
854 1082 1001 1175 ἑλόμενοι
1028 1084 1074 1154 τὰ
1104 1089 1246 1174 βελτίω,

233 1189 347 1272 ἆυτοῖς
376 1190 477 1260 όίτιοι
507 1192 564 1269 τῖες
592 1193 656 1258 τῶν
684 1187 807 1282 ἀρετῶν
835 1192 981 1276 ἐγένοντο
1010 1184 1154 1272 κτήσεως
1166 1243 1175 1273 ,
1211 1187 1247 1259 ὁὶ

173 1353 176 1362 ,
232 1321 266 1363 τε
288 1294 353 1374 τὰς.
369 1295 486 1371 κακίας
508 1293 633 1381 ἔχοντες
640 1343 650 1374 ,
672 1293 917 1384 παραπλησίως.
955 1287 1037 1360 ‘06
1060 1289 1165 1372 ἆυτὸς
1187 1301 1245 1364 καί

232 1397 368 1466 ἐπὶτῶν
389 1396 506 1483 τεχνῶν
528 1389 636 1481 λόγος.
677 1397 749 1460 Καὶ
769 1393 834 1486 γὰρ
855 1397 920 1462 τοῖν
937 1396 1087 1484 τεχνιτῶν
1101 1400 1243 1475 ἕκαστος

231 1496 295 1591 πρὸ
316 1505 376 1587 μὲν
397 1498 457 1565 τοῦ
479 1500 589 1585 τέχνην
611 1496 712 1585 ἔχειν,
749 1499 810 1585 ε’ῖχε
838 1503 894 1565 καὶ
923 1501 982 1565 τοῦ
1009 1496 1055 1586 μὴ
1077 1503 1242 1585 γενέσθαι

230 1600 291 1683 τὴν
319 1601 482 1683 ἐξουσίαν·
518 1595 696 1687 γενόμενοςΙ
717 1602 752 1666 δὲ
785 1596 886 1668 οὐκέτ’
917 1601 1010 1668 ἔσται
1039 1597 1154 1693 κύριος
1180 1611 1242 1671 τοῦ

230 1701 276 1793 μὴ
297 1707 465 1791 γεγονέναι
486 1728 521 1769 τε
541 1709 598 1770 καὶ
618 1705 703 1770 ε’ῖναι
724 1705 884 1782 τοιοῦτος.
923 1700 979 1770 εΑι
995 1693 1073 1795 γὰρ
1101 1708 1242 1792 γενέσεις

144 1858 146 1872 .
230 1807 296 1875 τῶν
316 1801 476 1874 τοιούτων
498 1800 547 1900 ἐφ’
570 1800 670 1892 ἡμῖν,
697 1812 753 1873 καὶ
775 1803 832 1873 διὰ
853 1808 952 1873 τοῦτο
975 1803 1035 1895 οὐχ
1057 1803 1180 1896 ὁμοίως
1202 1805 1242 1875 τό

190 1923 193 1932 ’
231 1906 362 1992 ἀληθὲς
382 1910 433 1976 ε’πί
455 1934 489 1976 τε
511 1909 574 1976 τῶν
594 1904 794 1996 μελλόντων,
831 1914 887 1975 καὶ
914 1911 965 1976 ἐπὶ
993 1911 1057 1977 τῶν
1086 1906 1191 2000 ὄντων
1212 1905 1244 1993 4)

232 2037 266 2079 τε
280 2018 343 2079 καὶ
363 2007 563 2098 γεγονότων,
601 2003 652 2076 ότι
674 2008 714 2075 τό
741 2019 801 2098 μὲν
829 2008 867 2078 όν
895 2036 930 2078 τε
959 2014 987 2092 ⁵)
1020 2017 1076 2079 καί
1107 2009 1244 2100 γεγονὸς

232 2110 293 2200 οὐχ
314 2109 386 2179 όῖόν
407 2137 441 2178 τε
461 2101 502 2192 ἦν
523 2108 568 2198 μὴ
591 2113 673 2178 ε’ῖναι
695 2107 716 2176 6
735 2107 781 2198 με)
810 2116 996 2199 γεγονέναι,
1034 2111 1072 2182 τὸ
1101 2118 1137 2182 δὲ
1165 2121 1244 2205 μὲλ-

184 2267 193 2282 .
233 2220 292 2282 λον
312 2214 470 2300 γίνεσθαι
479 2215 652 2335 ενόέχεται
673 2220 728 2280 καὶ
750 2210 794 2302 με)
816 2211 992 2301 γίνεσθαι
1019 2214 1072 2318 666
1093 2215 1159 2311 πρὸ
1182 2226 1243 2308 μέν

232 2319 292 2384 τοῦ
313 2312 373 2398 τὴν
394 2311 512 2407 ἀρετὴν
533 2315 615 2403 ἔχειν
636 2311 731 2383 τόυδί
758 2342 831 2385 τινα
859 2347 881 2384 α
869 2315 970 2400 ηθ
973 2347 989 2398 ς
1016 2347 1057 2401 ην
1085 2317 1125 2387 τό
1155 2323 1242 2420 666-

230 2424 359 2508 χεοθαι
390 2443 446 2485 και
474 2414 519 2506 μὴ
548 2421 710 2504 γενέσθαι
740 2422 899 2489 τοιοῦτον.
947 2415 991 2490 ‘²0
1018 2426 1054 2490 δὲ
1089 2414 1244 2493 τοιοῦτον

232 2523 376 2608 γίνεται,
411 2522 510 2588 τοῦτο
532 2526 588 2588 καὶ
609 2517 782 2610 γενόμενον
803 2519 934 2604 ἀληθὲς
955 2519 1041 2592 ὁότω
1063 2530 1168 2613 λέγειν
1189 2553 1243 2614 γε-

231 2628 372 2713 γονέναι.
425 2621 535 2692 Ειὲ
496 2632 556 2712 μὲν
578 2621 636 2691 ὀῦν
652 2627 693 2690 ἐκ
720 2649 848 2711 γενετης
885 2621 903 2691 6
923 2622 1100 2748 φρόνιμος
1128 2633 1243 2698 τοιοῦ-

232 2753 309 2808 τος,
332 2732 388 2794 καί
409 2727 508 2794 τοῦτο
529 2723 614 2818 πρὸς
635 2733 706 2805 τοῖς
727 2724 841 2805 σίλλοις
865 2722 931 2809 66)
914 2727 978 2796 υπὸ
1001 2727 1153 2856 φύσεως
1150 2729 1244 2828 ἇυτῷ
1296 2805 1300 2820 ,

233 2831 467 2954 θεχομίνοις’”
435 2855 496 2918 ειχε
515 2855 582 2950 παρ
609 2831 727 2912 ἐκείνης
742 2828 868 2917 λαβὼν,
891 2827 986 2900 οὐδ”
976 2825 1098 2912 όλως’“
1075 2859 1116 2902 αν
1132 2860 1174 2917 ην
1195 2834 1241 2904 ἐπ’

233 2927 323 3024 6616
337 2925 376 2996 τὸ
391 2932 474 2997 ε’ῐναι
490 2927 639 3024 τοιοότω,
656 2925 762 3025 ὥσπερ
779 2930 901 3001 οὐδὲ
869 2959 907 3000 το
919 2936 1002 3002 ίίναι
1017 2938 1138 3020 δίποδι,
1153 2935 1243 3020 ἢλο-

233 2999 314 3127 γικηί
322 3036 352 3115 ⁷)
360 3083 369 3113 ‚
393 3026 462 3099 οὐδ’
480 3029 521 3100 ίίν
531 3035 680 3116 ,ἐπηνεῑτο
696 3034 743 3102 ἔτι
758 3038 809 3102 ἐπὶ
823 3036 869 3128 τῷ
883 3039 1042 3126 τοιοῦτος,
1055 3041 1148 3123 ε’ῖναι,
1169 3039 1241 3111 ἀλλ’

234 3131 446 3226 ἐθαυμάζετο
461 3130 514 3216 ,ὡς
528 3135 607 3223 ἔχων
621 3133 714 3225 παρὰ
727 3137 785 3219 τῆς
798 3140 900 3217 θείας
918 3135 1047 3232 φύσεως
1063 3143 1169 3232 δῶρον
1183 3171 1242 3228 τη-

234 3241 396 3324 λικοῢτον,
413 3233 474 3318 Ὡς
486 3233 550 3329 γὰρ
562 3237 626 3304 τῶν
633 3233 850 3364 ὑγιαινόντων
860 3239 899 3322 8),
922 3233 997 3310 ὅσοι
1008 3252 1070 3332 μίν
1084 3241 1243 3329 ἀσθενεῖς

216 3355 224 3366 “
235 3367 326 3421 οντες
336 3339 396 3424 την
409 3338 521 3437 φύσιν,
537 3337 648 3408 διό
608 3365 666 3422 της
676 3342 798 3460 οἰκείας
810 3345 1021 3466 επιμελείμς
1005 3353 1241 3470 εισὶτριοῦτοι,

236 3441 373 3524 τούτους
393 3448 483 3533 μὲν
468 3443 677 3568 επαιυοῦμεν,
699 3440 741 3523 ὡς
756 3446 878 3568 ἑμυτῶν
892 3443 1052 3539 πρόνοιαν
1067 3449 1127 3534 τὴν
1139 3479 1243 3547 προς-

236 3569 383 3628 ηκουσαν
413 3552 647 3638 ποιουμένους,
672 3542 766 3614 66‘
753 3542 794 3631 τίν
817 3545 980 3670 πρόνοιαν
1007 3548 1067 3621 όόκ
1096 3559 1178 3625 ἐισιν
1208 3563 1244 3628 ἐν

236 3650 283 3742 τῷ
303 3653 426 3730 νοσεῖν,
447 3648 524 3729 τοὺς
544 3653 619 3718 δὲ
603 3676 637 3718 εκ
659 3646 788 3745 φύσεως
801 3647 984 3739 ὑγιεινοὺς,
1017 3661 1073 3723 καί
1094 3656 1172 3740 τοὺς
1192 3691 1240 3750 μη

237 3717 418 3831 νόσοῦντας
438 3754 468 3832 9)
490 3750 567 3821 όίνευ
588 3756 814 3845 πραγματείας
834 3761 891 3822 καί
912 3761 1103 3849 φροντίδος,
1131 3760 1242 3834 οὐκέτι

236 3862 296 3943 μὲν
324 3854 533 3941 ἐπαινοῦμεν,
568 3858 787 3947 μακαρίζομεν
816 3859 868 3939 δὲ,
904 3855 946 3939 ὡς
963 3869 1062 3950 χωρίς
1082 3862 1243 3952 καμοίτων
