2718 4506
265 267 325 330 302

344 439 534 504 inclusimus.
578 440 711 505 Aldinae
733 439 879 506 omittunt
900 440 968 506 καί.
997 435 1105 504 Casel.
1128 441 1181 504 ed.
1203 442 1257 507 καὶ

345 539 401 609 διὰ
421 543 545 612 τοῦτων
567 547 651 635 πέρι.
693 544 767 626 (0.)
888 617 889 622 η

282 641 316 724 9)
343 641 415 723 τῆς
446 637 715 722 ἀκολουθίας
747 638 921 727 ταύτης]
964 646 1014 710 lta
1036 643 1145 712 Casel.
1166 648 1257 712 bene.

345 744 473 830 Reliqui
494 745 551 828 τῆς
572 742 782 826 ἀκολουθίας
801 747 870 830 τῆς.
1144 745 1149 753 ’

262 848 316 929 10)
344 842 411 913 οὐκ
432 847 522 916 ἔστι
551 851 593 915 δὲ
620 845 772 938 νόμος]
815 852 923 916 Havn.
945 849 1079 916 Aldinae
1101 861 1133 914 et
1155 847 1259 916 Casel.

345 945 405 1017 οὐκ
426 949 496 1018 ἔστι
516 947 581 1043 γὰρ
602 946 713 1039 νόμος.

262 1053 315 1133 11)
336 1049 409 1119 τὸν
429 1047 524 1120 καθ’
550 1049 686 1144 ὁρμὴν
707 1053 981 1146 ἐνεργοῦντα]
1003 1056 1113 1120 Havn.
1128 1050 1258 1123 τὸκαθ

349 1151 464 1248 ὁρμὴν.
487 1178 566 1240 quae
584 1157 679 1222 lectio
694 1157 722 1221 si
739 1179 816 1222 vera
830 1169 889 1237 est,
910 1157 1111 1222 scribendum
1132 1153 1174 1225 τὸ
1188 1201 1205 1214 -
1219 1199 1234 1213 -
1247 1192 1260 1206 ·

346 1259 504 1350 ἐνεργοῦν.
547 1260 620 1341 (Ο.)
1238 1327 1241 1338 ,

261 1359 316 1440 19)
344 1367 415 1428 καὶ
436 1358 509 1441 τὴν
530 1357 677 1430 ἆιτίαν
697 1356 1262 1446 τὴνέξοίυτοῢπιίντωςέκεί-

342 1487 433 1541 νοις
454 1459 702 1544 συνάπτειν]
739 1467 787 1530 Ita
813 1465 921 1532 Casel.
946 1468 1055 1531 Lond.
1078 1478 1185 1530 autem
1207 1461 1261 1545 τὴν

342 1561 532 1648 deviaverint
553 1566 586 1648 ἐξ
605 1562 709 1635 ἄντοῦ
729 1563 859 1647 πάντως
883 1569 1015 1646 ἐκείνοις
1043 1563 1261 1654 συνάπτοντα.

343 1669 422 1734 Ald.
445 1664 610 1738 συνάπτον
630 1671 701 1735 scil.
724 1667 763 1738 τὸ
785 1673 942 1760 ἐνεργοῦν.
984 1670 1080 1752 (0).

260 1773 314 1853 13)
342 1772 599 1855 κυλίεσθαι]
632 1772 740 1840 Casel.
763 1770 967 1842 κωλύεσθαι.
1008 1774 1113 1838 Male.

261 1877 315 1958 11)
345 1871 391 1942 τὸ
419 1872 515 1943 καθ’
544 1872 698 1967 ὁρμὴν]
741 1881 790 1944 lta
809 1879 918 1942 Havn.
941 1877 1043 1942 Recte
1064 1898 1154 1942 sane.
1178 1879 1259 1942 Edd.

343 1975 387 2044 τοί
407 1975 488 2045 καθ’
516 1973 630 2072 ὁρμήν.
671 1981 785 2062 (θοεμ.
808 1982 926 2054 Orell.)

260 2081 314 2158 15)
335 2086 373 2146 τί
393 2078 471 2172 γὰρ
494 2077 670 2174 ὄφελος]
693 2081 827 2163 Aldinae
850 2078 888 2148 τὸ
908 2078 973 2174 γὰρ
995 2078 1121 2176 ὄφελος
1134 2084 1259 2148 vitiose.

261 2182 338 2262 lea)
359 2183 437 2251 τῶν
457 2176 730 2272 πραττόντων
752 2183 1013 2273 δυναμένων]
1037 2185 1175 2253 Aldinae
1200 2189 1260 2255 τῶν

340 2288 571 2376 πραττομένων
591 2288 778 2374 δυναμένων
798 2287 924 2354 vitiose.
1121 2347 1125 2356 .

260 2386 314 2470 16)
341 2381 363 2470 ἡ
391 2390 434 2455 δὲ
463 2390 695 2480 ἑιμαρμὲνη
723 2432 739 2446 -
766 2432 782 2446 -
810 2431 826 2446 -
853 2433 870 2446 -
898 2413 1002 2484 φησι
1029 2389 1258 2478 γίνεσθαι]

341 2493 427 2556 Num
448 2493 488 2586 τῇ
508 2494 545 2560 δὲ
566 2493 742 2588 ίιμαρμενῃ
773 2535 791 2548 ·
822 2535 839 2548 -
870 2534 887 2548 -
914 2534 931 2548 -
963 2499 1048 2588 φασί
1075 2495 1260 2581 γίνεσθαιὶ1

342 2595 416 2676 (0.)
459 2593 588 2661 Servari
606 2607 713 2680 potest
737 2596 883 2681 vulgata,
913 2607 949 2660 ut
970 2597 1011 2660 sit
1031 2598 1197 2686 oppositio
1219 2601 1257 2661 ad

339 2698 395 2761 illa
415 2691 435 2764 ὁ
456 2694 521 2790 γὰρ
549 2693 659 2786 νόμος.
709 2701 772 2764 Est'
800 2698 908 2784 quasi:
946 2696 1106 2764 doctrina
1131 2703 1200 2764 ista
1221 2700 1280 2767 ἅτ’

283 2845 285 2853 ,
334 2803 422 2886 fato
448 2801 628 2869 contendit.
669 2801 783 2886 (θυεμ.
804 2803 925 2884 Orell.)

259 2901 313 2985 17)
341 2901 420 2969 τῶν
451 2906 493 2969 δὲ
521 2900 568 2971 δι’
598 2897 751 2992 ὁμοίας
776 2900 1025 2991 γινομένων]
1068 2901 1205 2966 Aldinae
1229 2915 1260 2966 et

341 3001 626 3097 Caseliuseqiddde'
643 3001 761 3094 ὁμοίας
773 3007 940 3098 γινομένῳ,
955 3007 1042 3090 quod
1052 3027 1148 3069 sensu
1159 3017 1258 3070 caret.

259 3107 312 3186 18)
333 3103 384 3174 τὰ
403 3102 485 3175 κατ’
510 3104 660 3189 οίυτὸν]
682 3106 816 3173 Aldinae
829 3103 913 3176 καθ’
930 3103 1052 3185 αυτοῖς.
1065 3105 1175 3171 Casel.
1187 3103 1256 3174 κατ’

342 3203 471 3288 ἆυτοίις.
493 3210 594 3276 Male.
617 3207 686 3277 κατ’
711 3207 812 3278 ἆυτὸν
833 3211 902 3275 scil.
924 3205 1027 3298 νόμον
1048 3212 1136 3294 quod
1150 3211 1257 3276 subin·

342 3313 549 3398 telligendum
571 3335 588 3378 e
613 3311 887 3398 praecedentibus.
930 3312 1003 3394 (Ο.)

256 3416 311 3498 19)
339 3411 389 3481 τοὶ
410 3413 463 3502 μὴ
485 3412 569 3485 κατ’
592 3412 743 3496 τίντόν]
774 3411 1024 3506 ΑΙᾱίυτιτίιμὴ
1039 3409 1108 3484 κατ’
1124 3409 1257 3497 ἇντοιίς.

340 3517 442 3584 Male.
486 3519 571 3584 Vide
592 3519 710 3596 Notaui
731 3522 995 3604 praecedentem.-

255 3619 310 3700 20)
338 3617 383 3688 τὸ
403 3620 523 3709 γοῦν]
559 3626 610 3688 Ita
633 3624 741 3688 Havn.
764 3622 897 3686 Aldinae
915 3635 947 3687 et
969 3617 1076 3688 Casel.
1098 3609 1153 3690 ίίτι
1175 3623 1256 3708 γοῦν

341 3725 449 3788 Lond.
473 3725 555 3807 (0.),
578 3727 622 3794 Et
636 3727 700 3794 hoe
716 3724 842 3796 videtur
855 3716 1110 3814 praeferendum.
1140 3723 1257 3808 (θαιρ.

343 3827 461 3904 Οντῑλ)
1149 3877 1156 3890 .
