2694 4508
1041 295 1043 300 ¹
1088 309 1106 370 9

414 457 436 518 s
543 471 613 538 111.

166 581 293 646 Omnes
312 575 432 663 igitur,
456 577 512 662 qui
531 579 571 641 de
586 577 669 642 Fato
687 588 807 664 ugtmt,
831 577 915 645 Fato
930 579 1115 647 adscribere

98 683 165 748 vim
199 683 359 768 quandam
390 693 502 744 causae
532 681 567 760 ip
591 702 731 764 eaquae
758 682 855 760 fiunt,
894 682 1022 747 evidens
1048 698 1110 751 est.
1149 712 1152 722 ¹

96 788 194 852 Hane
217 784 303 849 enirn
332 783 494 870 assignant
521 797 553 848 et
570 784 733 866 ,affirmem
764 803 889 850 eausam
917 807 1005 866 esse,
1053 811 1111 852 cur

98 889 177 954 flant
194 909 278 973 quae
300 887 380 950 fiunt
407 899 439 950 et
459 890 623 972 quomodo
652 887 743 952 fiant.
788 887 871 953 Cum
897 910 976 974 vero
999 913 1111 956 causae

99 1013 168 1058 vox
189 1013 256 1057 non
278 1011 344 1059 ono
361 990 395 1054 in
419 990 605 1076 significatu¹
622 989 781 1070 eumeuii,
824 1011 905 1074 opus
927 1005 975 1056 est
997 1005 1033 1057 ut
1057 995 1113 1079 qui

100 1095 214 1162 ordine
237 1097 323 1158 hano
347 1083 564 1178 quaestionem
589 1095 667 1160 velit
691 1093 848 1178 exsequi,
894 1094 966 1158 inde
990 1096 1112 1160 initium

102 1210 219 1276 sumat,
242 1219 380 1282 quanam
393 1196 426 1260 iu
437 1219 600 1262 causarum
617 1198 717 1262 classe
733 1199 914 1281 ponendum
929 1199 970 1263 sit
985 1201 1111 1265 Fatum.

103 1300 198 1366 Nihil
219 1299 301 1364 euim
323 1320 435 1365 eorum
460 1321 541 1384 quae
566 1301 634 1366 aliis
653 1313 684 1365 et
705 1301 772 1366 aliis
794 1301 942 1366 dicuntur
956 1303 1111 1382 senssssus,

104 1407 225 1468 clarum
257 1405 390 1480 evadet,
436 1403 497 1468 nisi
528 1405 713 1471 adhiheatur
742 1407 909 1470 commoda
937 1407 1112 1471 distinctio.

106 1507 230 1574 canuae
246 1529 330 1594 ergo
346 1528 406 1590 per
423 1529 501 1590 quas
516 1529 569 1571 res
579 1507 679 1586 liunt,
704 1508 924 1573 discernuntur
943 1510 976 1574 in
994 1511 1111 1573 classes

103 1625 262 1698 quatuor,
287 1611 368 1676 sicut
389 1611 512 1674 divinus
534 1612 726 1677 Aristoteles
745 1612 946 1677 monstravit.
991 1611 1113 1677 Causa·

103 1739 173 1780 rum
195 1715 281 1779 euim
306 1714 380 1778 olias
402 1735 471 1778 esse
489 1714 532 1778 ait
549 1714 704 1798 opifices,
734 1715 810 1780 alias
830 1716 894 1778 vim
911 1717 1029 1779 habere
1046 1737 1113 1778 ma·

106 1820 227 1895 toriae,
253 1817 329 1882 alias
345 1818 378 1881 in
398 1818 505 1881 forma
527 1816 672 1900 positas3
696 1819 737 1881 ad
761 1819 840 1880 haee
862 1819 923 1881 tria
949 1840 1114 1882 causarum

108 1943 228 2008 genera
247 1923 398 1984 accedere
412 1931 578 2004 quartum,
603 1921 692 2004 quod
704 1932 752 1983 est
769 1920 970 2002 propositum
992 1921 1112 2004 operis,

106 2026 194 2090 cuius
215 2045 301 2109 ergo
315 2023 352 2086 fit
372 2026 460 2107 quod
480 2023 530 2087 fit.
575 2024 619 2086 Et
640 2033 690 2086 tot
712 2022 837 2106 quidem
859 2034 931 2085 suut
951 2045 1114 2088 causarum
1187 2049 1190 2055 ·
1249 2059 1251 2066 t

106 2129 320 2194 diversitates.
379 2128 568 2211 Quanquam
600 2147 680 2191 vero
705 2147 770 2190 nou
799 2125 903 2191 omnia
935 2147 1015 2210 quae
1036 2127 1116 2191 finnt

105 2243 156 2298 tot
172 2230 277 2296 causis
301 2251 382 2313 opus
399 2231 535 2305 habent,
560 2240 695 2310 attamen
711 2251 792 2313 quae
809 2229 952 2313 plurimis
976 2231 1116 2316 indigent

107 2334 230 2413 musis,
255 2354 322 2397 nou
344 2335 500 2396 excedunt
521 2331 638 2396 dictum
662 2332 724 2396 iam
745 2353 921 2398 numerum.
962 2335 1029 2425 §ed
1047 2355 1116 2399 om·

107 2438 195 2502 nium
222 2439 338 2500 harum
370 2457 536 2498 causarum
566 2435 715 2501 discretio
743 2436 799 2500 fiet
828 2437 991 2520 apertior,
1031 2437 1059 2500 si
1083 2435 1116 2501 in

107 2541 217 2625 aliquo
232 2561 347 2603 eorum
369 2561 449 2622 quae
461 2538 542 2602 fiunt
557 2539 705 2622 exemplo
721 2550 894 2620 spectatum.
937 2539 1116 2610 Discrimen

110 2665 191 2730 ergo
213 2663 381 2706 causarum
406 2662 592 2727 quaeramus
621 2641 654 2705 in
679 2641 861 2705 simulacro.
919 2641 998 2704 Eius
1024 2663 1118 2706 eausa

110 2748 224 2829 opifex
235 2755 286 2808 est
300 2743 326 2806 is
341 2743 397 2826 qui
411 2743 490 2806 illud
508 2742 647 2807 condidit
669 2743 802 2822 artifex,
827 2765 920 2827 quem
934 2743 1117 2808 statuarium

109 2850 259 2914 elicimus·
311 2847 380 2912 Pro
403 2846 535 2910 materia
561 2857 610 2910 est
637 2845 698 2910 arti
723 2845 887 2910 subiacens
914 2859 966 2910 aut
991 2869 1043 2911 aes
1066 2859 1119 2912 aut

110 2973 277 3026 marmor,
327 2961 381 3012 aut
410 2948 438 3012 si
469 2948 545 3034 quid
577 2948 661 3013 aliud
688 2948 831 3013 statuarii
855 2961 924 3014 arte
947 2951 1118 3036 figuratur.

110 3057 196 3120 llam
219 3065 253 3116 et
273 3053 338 3115 hoc
360 3064 408 3116 est
424 3072 536 3130 causa,
561 3073 619 3115 our
636 3051 677 3116 sit
698 3073 819 3136 curque
836 3053 893 3118 fiat
906 3053 1118 3116 'sinulaerum
1223 3067 1225 3072 '

111 3159 240 3222 Verum
265 3155 386 3238 speeies
412 3154 482 3238 ipsa
512 3155 672 3218 simulacri
702 3168 890 3237 causaest,
923 3177 959 3218 ea
980 3155 1118 3233 sedicet,

111 3283 208 3344 quam
227 3259 376 3322 materiae
397 3258 531 3342 imponit
558 3259 746 3336 statuarius,
784 3271 1035 3342 propterquam
1057 3254 1120 3324 stass

111 3375 170 3428 tua
194 3373 333 3428 vocatum
354 3361 442 3427 disco
465 3362 597 3439 ludens,
622 3361 822 3447 sagittarius,
846 3373 878 3424 et
901 3359 968 3425 aliis
986 3362 1122 3427 nomini-

112 3469 174 3530 bus
200 3487 243 3530 ex
266 3476 353 3528 certa
371 3465 477 3530 foruna
498 3466 658 3530 desumtis.
725 3466 788 3529 Sed
815 3485 918 3548 neque
945 3467 1025 3530 haec
1049 3468 1122 3530 sola

112 3589 231 3634 causae
260 3579 351 3644 sunt,
398 3589 455 3632 cur
487 3569 652 3632 exoriatur
680 3567 903 3632 simulacrum:
936 3569 1014 3632 nulli
1040 3570 1122 3632 enim

115 3693 283 3736 causarum
309 3672 415 3754 operis
445 3673 527 3738 cedit
551 3670 753 3755 propositum
782 3670 870 3734 euius
893 3693 974 3760 ergo
1001 3672 1117 3756 agitur,

118 3787 196 3858 puta
207 3759 312 3839 honos
327 3775 456 3839 alicuius
468 3789 521 3840 aut
536 3776 568 3838 in
587 3775 721 3858 aliquem
736 3773 881 3839 Deorum
897 3775 1010 3857 pietas.
1036 3775 1122 3838 'l'alis

115 3877 200 3942 enim
230 3899 325 3942 causa
352 3877 411 3942 uisi
433 3877 625 3955 exstitisset,
664 3898 704 3942 ne
732 3889 879 3964 coeptum
898 3877 1023 3962 quidem
1041 3889 1123 3942 essct
