2694 4508
1085 262 1104 368 '⁵

82 473 179 536 rior.
226 469 308 536 Nam
337 491 410 550 usus
431 468 526 553 hujus
547 465 646 553 partis
673 489 932 555 quoquoversum
953 493 988 538 se
1009 476 1102 538 etad
1190 525 1192 530 ,

81 573 203 638 omnia
228 572 380 638 extendit.
444 575 520 638 Non
553 573 635 636 enim
667 576 780 638 eodem
811 578 908 640 modo
938 575 1022 640 circa
1049 599 1102 642 res

82 679 235 762 agendas
256 698 291 739 se
306 677 422 739 habent
438 675 494 739 illi
506 675 560 760 qui
582 679 713 740 credunt
734 677 839 742 omnia
857 678 890 743 vi
906 666 1100 743 necessitatis

79 791 123 842 ct
148 779 209 844 sati
229 781 308 866 ingo
338 779 513 864 constringi
541 792 573 842 et
601 779 626 842 ii
654 779 710 864 qui
737 793 865 845 censent
890 781 1042 846 exsistere
1068 794 1100 846 et

77 885 269 968 quaedam,
308 903 389 967 quae
409 883 486 946 fiant
510 883 576 946 sine
595 882 697 948 causis
714 884 897 966 antepositis
918 885 1098 950 necessario

25 1004 36 1031 r
76 1008 125 1050 ea
158 984 376 1050 efficientibus.
421 987 506 1050 Tum
527 1007 606 1050 vero
630 988 756 1050 videtur
779 987 811 1051 in
835 986 883 1050 his
911 968 1027 1064 veritas
1048 988 1097 1052 in-

78 1100 191 1152 ventu
205 1111 360 1172 perquam
376 1088 530 1172 difficilis,
553 1089 625 1154 ideo
648 1092 737 1174 qued
758 1102 789 1153 et
809 1089 884 1154 huic
908 1090 1003 1154 etilli
1025 1113 1097 1154 sen-

75 1192 208 1256 tcntiae
230 1195 382 1276 qaiaedam
402 1194 565 1260 adversari
585 1193 751 1258 videantur
776 1194 956 1270 manifesto.
993 1194 1097 1274 ¹Quia

79 1316 172 1359 vero
201 1296 426 1360 nonnullormn
455 1299 639 1382 dogmatum
659 1297 783 1361 firmior
822 1298 875 1377 (et
898 1296 1103 1378 evidentior),

78 1397 129 1461 sit
155 1409 313 1464 snueuua
333 1399 521 1482 disputando
547 1422 618 1462 cum
647 1400 691 1464 eis
721 1401 777 1484 qui
804 1411 916 1464 contra
936 1399 1093 1476 sentiant,

80 1499 141 1582 (in
171 1522 234 1585 qna
264 1502 465 1586 inquisitione
490 1503 566 1586 quid
591 1515 639 1566 est
667 1505 753 1587 quod
775 1500 876 1584 majus
902 1514 1102 1588 momentum·

79 1607 206 1668 habere
231 1605 333 1688 possit
358 1627 451 1690 quam
473 1627 567 1670 nosse
590 1606 772 1671 Aristotelis
790 1605 1014 1687 sententiaml)
1036 1625 1093 1670 ees
1116 1587 1120 1601 ¹

83 1709 256 1792 alloquar,
280 1709 335 1792 qui
356 1731 420 1772 non
443 1712 550 1773 eadem
568 1731 638 1772 cum
659 1709 729 1792 ipso
752 1710 878 1785 dixere,
903 1721 937 1772 ut
962 1719 1093 1772 conten-

87 1813 195 1876 dendo
211 1811 296 1876 inter
311 1834 345 1874 se
360 1833 440 1895 quae
451 1813 599 1896 utrinqne
613 1824 684 1875 sunt
702 1811 795 1891 dicta,
810 1811 909 1896 magis
931 1811 1094 1874 illucescat

86 1914 221 1978 veritas.
287 1915 494 1997 Propositum
526 1925 630 1978 autem
657 1913 811 1978 sermonis
839 1911 941 1978 nostri
967 1933 1032 1976 non
1053 1913 1095 1976 ad

86 2017 334 2082 ostentationem
353 2017 525 2104 dirigetur,
549 2000 607 2082 sed
620 2019 659 2082 ad
679 2039 773 2101 quam
794 2015 928 2079 maxime
952 2015 1093 2080 sedulam

83 2120 321 2204 inquisitionem
342 2133 375 2184 et
392 2121 634 2204 explicationem
649 2120 735 2197 veri,
760 2120 812 2184 eui
825 2132 856 2184 et
871 2141 930 2186 vos
949 2117 1091 2182 ridemus

85 2235 158 2288 ante
183 2225 290 2290 omnia
311 2227 438 2290 studere
457 2225 489 2288 in
509 2225 547 2288 iis
569 2225 664 2286 rebus
685 2245 766 2307 quae
787 2223 880 2288 vobis
909 2223 1096 2300 tractandae

87 2327 230 2392 veniunt.
274 2328 371 2392 Nulla
395 2327 476 2390 enim
503 2339 681 2390 vestrarum
710 2327 867 2392 actionum
881 2325 1087 2415 conspicitur,

85 2429 197 2515 inqua
215 2430 310 2496 vobis
331 2429 482 2512 idpotius
505 2432 592 2514 qued
612 2429 736 2494 videtur
759 2451 852 2514 quam
874 2430 961 2512 quod
978 2449 1092 2514 verum

83 2534 124 2598 sit
141 2533 344 2618 propositum
365 2534 530 2598 habenis,
574 2534 669 2614 Quod
686 2532 718 2596 si
737 2553 797 2614 per
821 2533 921 2596 otium
944 2529 1088 2596 incidetis

85 2635 115 2700 in
140 2641 227 2702 hunc
254 2636 369 2700 librum
393 2657 432 2700 ac
451 2635 628 2716 iudicabitis
653 2639 806 2720 quaedam
829 2633 1009 2716 oportuisse
1030 2653 1088 2694 ex-

84 2741 229 2823 plicatius
255 2741 337 2818 dici,
360 2740 467 2826 magni
490 2740 603 2804 faciam
624 2741 708 2802 hunc
724 2741 900 2814 honorem,
923 2735 951 2798 si
971 2737 1011 2828 ad
1037 2757 1088 2800 me

86 2843 324 2926 perscribantur
337 2865 419 2928 quae
433 2843 496 2908 sint
509 2842 582 2919 illa,
607 2845 646 2906 dc
664 2843 778 2926 quibus
796 2852 900 2904 manet
917 2837 1085 2904 dubitatio.

86 2946 159 3012 Non
185 2946 270 3012 enim
289 2945 382 3012 facile
406 2958 454 3010 est
473 2946 505 3011 in
527 2966 592 3010 uno
613 2945 697 3011 libro
715 2943 848 3034 dilucide
870 2963 1031 3026 exponere
1053 2954 1086 3004 et

87 3071 149 3114 rem
171 3053 212 3114 de
233 3071 297 3134 qua
317 3050 443 3136 agitio,
493 3062 525 3116 et
546 3071 583 3116 ea
605 3048 718 3136 quibus
739 3050 888 3116 utendum
909 3049 952 3128 ad
977 3067 1083 3112 rerum

85 3150 219 3236 ipsm
240 3152 493 3239 explicationem.

556 3257 605 3322 11.

143 3367 225 3430 Esse
239 3363 338 3452 igitur
357 3367 479 3444 latum,
513 3377 553 3429 et
574 3365 613 3428 ab
639 3386 679 3429 ee
700 3386 826 3430 causam
852 3383 908 3424 eur
930 3362 1081 3444 quaedam

85 3463 331 3545 mentaliter,
355 3469 429 3534 satis
446 3469 572 3531 firmum
592 3481 812 3553 argumentum
832 3465 963 3550 praebet
976 3464 1079 3530 honri-

86 3589 152 3636 num
178 3571 346 3655 anticipata
370 3573 521 3655 quaedam
543 3570 647 3634 notio.
690 3573 802 3653 Neque
824 3569 905 3634 enim
924 3589 1004 3632 vana
1027 3579 1081 3630 aut
1122 3630 1124 3635 ,

88 3693 200 3739 avere
222 3677 372 3741 aberrans
391 3687 438 3738 est
459 3673 620 3738 hominum
643 3687 774 3749 natura,
798 3673 852 3738 nbi
870 3676 907 3737 de
926 3693 961 3768 re
976 3671 1079 3753 aliqua

86 3778 276 3842 consentitur
304 3779 461 3844 intereos
484 3777 623 3861 quinon
648 3799 689 3840 cx
710 3777 899 3841 antehaustis
923 3772 1079 3856 opinioni-

87 3877 159 3958 bus,
190 3893 226 3944 ut
248 3881 390 3946 nimirum
415 3893 562 3950 tueantur
588 3902 666 3964 quae
693 3880 735 3946 eis
754 3895 824 3944 sunt
847 3889 1076 3948 censentanea,
