2748 4514
1104 287 1163 350 {97

149 451 254 528 fimat,
278 464 430 544 tanquam
445 453 596 518 exsistens
612 455 645 518 in
662 457 698 518 iis
714 475 793 539 quae
815 479 855 520 ex
876 458 951 539 ipsis
975 454 1160 519 efficiuntur.

152 555 304 618 Fortuna
327 577 407 620 vero
430 568 461 618 et
483 579 572 620 casus
593 557 625 620 in
646 559 683 622 iis
706 581 785 642 quae
806 582 865 642 per
886 561 954 642 ipsa
976 560 1072 634 finnt,
1097 567 1162 622 non

155 657 338 720 exsistunt:
376 658 409 720 id
432 659 512 720 enim
535 663 621 742 quod
642 683 700 742 per
727 663 887 726 fortunam
914 663 1061 737 efficitur,
1097 683 1163 725 nou

154 761 249 822 habet
271 760 303 822 in
327 782 361 824 se
382 761 555 824 fortunam.
586 817 588 822 .
608 765 651 824 Et
672 763 769 848 igitur
789 787 891 847 neque
912 777 947 826 ut
967 767 1092 840 forma,
1131 775 1163 827 et

152 863 188 926 id
209 863 285 946 quid
307 875 377 954 erat
399 883 467 925 esse
488 885 599 926 causae
621 879 693 927 sunt
714 867 750 928 iis
781 889 860 949 quae
888 889 947 948 per
974 868 1042 950 ipsa
1069 868 1160 930 fiunt.

156 968 278 1031 Forma
307 966 390 1029 enim
418 966 499 1028 inest
527 967 559 1028 in
587 989 626 1030 eo
656 969 743 1030 cuius
773 993 864 1032 causa
894 981 958 1046 est,
1007 983 1037 1033 et
1065 971 1101 1030 fit
1130 971 1161 1033 in

119 1067 122 1076 ’
154 1070 286 1132 materia
307 1081 339 1132 et
360 1082 485 1132 manet:
515 1070 629 1146 hortun
651 1084 753 1134 autem
774 1085 930 1136 neutrum.
976 1074 1084 1156 Atque
1105 1095 1160 1135 ne·

154 1194 216 1256 que
240 1193 300 1234 eeu
320 1171 389 1234 finis
413 1184 443 1234 et
465 1172 498 1235 id
519 1173 605 1235 cuius
628 1196 739 1251 causa,
764 1177 907 1241 Fortuna
929 1190 960 1239 et
982 1199 1071 1240 casus
1087 1198 1160 1238 eau-

154 1297 210 1338 sae
240 1295 309 1339 esse
338 1287 491 1357 possunt:
525 1277 614 1340 Nulli
640 1277 721 1340 enirn
750 1301 860 1342 eorum
886 1301 967 1363 quae
989 1279 1161 1366 gignuntur

155 1379 300 1442 Fortuna
338 1400 456 1460 scopus
488 1391 547 1442 est.
607 1381 781 1464 Unicuique
817 1383 899 1446 enim
934 1405 1045 1448 eorum
1080 1405 1161 1467 quae

154 1483 255 1558 sumt,
296 1481 401 1546 finitus
435 1505 472 1544 ae
507 1495 611 1546 eertus
644 1507 761 1566 scopus
796 1497 861 1562 est,
906 1489 1021 1550 horum
1058 1499 1161 1548 autern

151 1598 322 1670 utrumque
349 1585 543 1648 indefinitum
576 1597 634 1649 est.
690 1589 790 1670 Atqui
818 1588 845 1650 si
875 1589 908 1650 in
936 1590 1020 1652 nulla
1048 1591 1175 1650 harum-

149 1689 246 1751 trium
269 1709 435 1750 causarum
456 1689 599 1752 Fortuna
621 1692 793 1754 consistere
814 1703 939 1772 potest,
970 1704 1023 1754 aut
1044 1691 1158 1752 nullius

148 1793 199 1856 rei
221 1813 319 1854 eausa
340 1803 402 1868 est,
441 1803 494 1854 aut
523 1804 609 1854 certe
631 1793 713 1856 inter
734 1793 894 1856 effectivas
916 1796 1064 1875 ponenda
1085 1793 1158 1854 erit.

149 1897 279 1958 Verum
302 1915 410 1957 causae
440 1895 603 1958 effectivae
625 1896 754 1958 alieuius
783 1896 830 1959 rei
856 1918 950 1958 eausa
981 1896 1158 1959 faciuntea

149 2020 233 2084 quae
256 2000 297 2061 ab
317 1997 392 2080 ipsis
414 1998 511 2074 sumt,
553 2009 645 2081 atque
673 2011 721 2060 est
748 1998 824 2081 ipsis
847 2011 951 2062 certus
975 1998 1099 2081 quidam
1122 2021 1159 2062 ae

150 2102 297 2166 definitus
332 2101 402 2164 finis
438 2100 646 2182 propositus,
672 2124 742 2174 ¹een
776 2114 887 2164 natrua
923 2113 954 2164 et
986 2123 1036 2164 ars
1066 2113 1159 2186 atque
1250 2149 1254 2156 .

151 2206 280 2269 electio.
325 2204 387 2266 Sed
407 2204 485 2267 nihil
505 2205 620 2293 horum
648 2205 730 2268 idem
760 2227 830 2268 eum
858 2206 988 2270 fortuna
1020 2218 1051 2267 et
1084 2227 1158 2284 casu

150 2321 212 2372 est.
257 2307 353 2370 Aliud
376 2307 456 2370 enim
479 2307 624 2391 quiddam
652 2293 821 2390 utrumque
842 2309 958 2371 horum
980 2329 1047 2371 esse
1069 2309 1158 2372 vide-

150 2423 204 2474 tur
232 2422 265 2474 et
293 2413 331 2473 ab
358 2410 420 2473 iltis
451 2411 622 2473 diversum.
676 2411 848 2474 Praeterea
878 2411 932 2474 illa
963 2411 1088 2473 definita
1120 2432 1158 2474 ae

150 2527 237 2578 certa
269 2527 363 2590 sunt,
409 2526 441 2578 et
469 2516 508 2576 ad
536 2513 670 2596 aliquam
699 2533 766 2576 rem
795 2512 954 2575 definitam
981 2535 1018 2575 ae
1040 2525 1158 2576 certam

151 2619 281 2680 dueum.
323 2619 467 2682 Fortuna
488 2639 567 2680 vero
589 2617 699 2692 varia,
729 2616 848 2680 incerta
869 2627 900 2678 et
921 2615 1073 2678 instabilis
1095 2626 1156 2677 est.

152 2719 187 2781 Si
207 2719 305 2804 igitur
333 2720 505 2803 aliquarum
530 2741 636 2782 rerum
658 2741 770 2782 causae
802 2739 869 2782 esse
897 2718 1061 2794 videntur,
1099 2733 1158 2780 nee

152 2844 222 2884 eum
243 2823 308 2884 ulla
330 2844 371 2885 ex
394 2823 494 2885 eansis
515 2822 722 2898 conveniunt,
754 2834 806 2884 aut
826 2821 949 2905 penitus
971 2820 1046 2885 nihil
1072 2832 1156 2896 sunt,

152 2937 204 2988 aut
228 2937 315 2988 eerte
341 2925 419 2988 alius
445 2947 609 2988 causarum
635 2928 747 2989 modus
781 2927 977 3008 quaerendus
1000 2936 1060 2987 est.
1110 2924 1158 2985 At

152 3049 188 3091 ea
209 3027 316 3094 omnia
337 3049 402 3092 nou
428 3049 496 3092 esse
522 3029 548 3092 si
570 3028 638 3112 quis
665 3040 800 3104 asserat,
836 3029 971 3091 absurde
996 3027 1028 3089 id
1047 3026 1153 3100 saciet.

151 3152 222 3194 eum
242 3153 294 3196 res
316 3130 378 3195 sint
403 3153 482 3214 quae
507 3143 629 3194 tanturn
659 3131 691 3194 in
714 3131 836 3194 entibus
854 3152 949 3213 posse
972 3131 1154 3192 creduntur.

152 3233 215 3314 Qui
230 3255 309 3298 vero
331 3246 438 3316 potest
458 3257 526 3299 esse
544 3236 621 3298 alins
639 3247 767 3317 praeter
788 3234 967 3316 praedictos
990 3251 1155 3294 causarum

151 3335 289 3400 modos?
323 3339 405 3400 Nam
419 3338 515 3422 igitur
536 3339 565 3400 in
586 3338 686 3420 causis
714 3337 791 3400 aliae
821 3349 892 3400 snut
913 3356 971 3416 per
993 3355 1044 3409 se,
1076 3332 1154 3394 aliae

150 3462 206 3522 per
232 3438 400 3502 accidens?
433 3441 511 3504 Sunt
537 3441 615 3504 enim
637 3443 787 3524 quaedam
814 3459 924 3502 causae
948 3458 1076 3521 qnoque
1096 3455 1154 3517 per

151 3544 302 3606 accidens.
327 3543 366 3606 ld
380 3542 461 3606 enim
477 3546 564 3626 quod
578 3565 689 3606 causae
706 3565 764 3625 per
781 3565 814 3606 se
831 3553 861 3604 et
875 3540 1006 3622 proprie
1026 3540 1153 3604 alienius

152 3645 278 3722 accidit,
312 3665 405 3707 eausa
425 3665 485 3726 per
504 3645 646 3722 accidens
669 3659 737 3721 est,
771 3658 801 3708 et
820 3646 923 3727 ipsum
942 3643 1008 3708 eins
1029 3643 1154 3726 praeei-

148 3767 205 3828 pue
232 3769 270 3810 ae
295 3746 509 3830 prineipaliter
540 3770 631 3811 eausa
658 3761 748 3825 erat,
788 3748 837 3810 cni
866 3747 931 3811 hoe
962 3746 1152 3832 contigerat.

149 3849 294 3914 Medicus
318 3849 436 3934 quippe
459 3871 552 3916 causa
577 3864 624 3916 est
641 3873 699 3936 per
721 3873 754 3915 se
778 3849 935 3926 sanitatis,
961 3851 1049 3914 albus
1073 3869 1151 3914 vero
