2790 4512
242 271 302 335 152

234 435 347 532 χώραν
363 436 580 533 φυλάξουσιν,
603 437 698 520 όντος
712 440 781 508 τού·
791 443 849 523 τῆς
865 442 1060 532 ἕιμαρμένης
1073 437 1238 512 τοιούτου.

233 537 455 630 (Ομολογήσει
479 548 514 612 δὲ
533 539 664 623 τούτοις
688 539 804 612 καὶτὸ
828 538 1017 631 λεγόμενον,
1055 535 1108 612 ότι
1128 544 1238 614 πολλοὶ

237 651 293 712 καὶ
311 643 406 737 παρά
422 653 545 739 μοῖραν
561 649 685 736 γίνεται
699 650 754 714 καὶ
771 643 863 737 παρά
880 647 1092 738 ἑιμαρμὲνην,
1115 639 1158 727 δίς
1172 671 1236 716 που

236 755 289 825 καὶ
312 745 330 816 ὁ
351 747 490 833 ποιητὴς
511 751 660 844 ἐμφαίνει

309 885 362 963 Μὴ
381 885 435 948 καὶ
452 890 526 970 ὑπὲρ
546 889 662 970 μοῖραν
679 895 724 962 36)
745 889 842 970 δόμον
862 885 948 956 άϊδος
968 890 1154 968 εἰςαφίκηαε.

233 1048 438 1119 Συνίσταιτο
457 1041 484 1121 6
500 1044 543 1118 66
563 1040 620 1132 ἥδε
640 1045 661 1131 ἡ
684 1045 766 1132 δόξα
787 1055 842 1117 καὶ
856 1046 920 1118 ὑπὸ
935 1043 979 1132 ³⁶)
994 1045 1072 1129 τούς
1083 1047 1235 1140 μάντεις,

152 1229 154 1234 Ι
233 1153 267 1222 ἐν
288 1148 338 1231 ὁῖς
358 1159 556 1245 προλέγουσι
574 1151 620 1241 μὴ
641 1147 751 1222 πάντα
779 1149 1010 1242 ἐπιτυγχάνειν.
1058 1149 1110 1222 'Ec
1131 1157 1167 1222 δὲ
1189 1152 1234 1244 μὴ

233 1251 328 1338 τήνδε
350 1253 409 1338 τὴν
430 1254 530 1340 δόξαν
549 1263 623 1350 περὶ
644 1258 702 1340 τῆς
722 1258 915 1347 ἑιμαρμένης
935 1254 1013 1336 τούς
1033 1253 1236 1350 ἀνθρώπους

231 1358 314 1448 ἔχειν
335 1363 536 1448 συμβέβηκε,
572 1356 776 1448 θαυμαστόν
798 1356 917 1446 όυδέν.
962 1360 1002 1428 Οἱ
1027 1357 1091 1452 γάρ
1118 1365 1235 1429 πολλοὶ

233 1467 301 1540 τοῖς
322 1469 382 1550 μὲν
402 1458 517 1541 τύποις
540 1457 579 1530 ού
607 1464 715 1541 κακῶς
739 1469 812 1554 περὶ
840 1464 904 1532 τῶν
930 1459 1132 1556 πραγμάτων
1159 1489 1235 1533 στο-

228 1560 403 1654 χάζονται,
433 1567 466 1632 ἐν
487 1566 523 1634 δὲ
544 1572 613 1646 τοῖς
634 1562 750 1634 καθ’
740 1569 862 1635 ε’καστα
884 1571 939 1634 καί
961 1568 994 1636 ἐν
1016 1592 1060 1658 τῳ
1047 1566 1235 1658 διορίζειν

231 1691 265 1734 τε
286 1673 343 1736 καὶ
364 1669 558 1794 ἐξακριβοῦν
575 1667 685 1738 πολλά
704 1665 987 1794 διαμαρτάνουσι·
1024 1666 1062 1736 τό
1089 1668 1234 1770 μὲνγὰρ

231 1767 376 1864 φύσεως,
413 1769 451 1840 τὸ
479 1775 514 1840 δὲ
499 1768 721 1860 ὲὲπιστημης
753 1774 858 1865 ἔργον.
902 1768 1057 1856 'H666
1022 1776 1057 1840 δὲ
1088 1773 1149 1841 τοῦ
1177 1776 1234 1856 τῆς
1266 1823 1271 1830 -

231 1877 425 1968 εἰμαρμὲνης
457 1871 621 1964 ὀνόματος
648 1871 879 1968 Αριστοτέλης
907 1871 1097 1963 μνημονεύει
1124 1882 1181 1944 καὶ
1202 1901 1235 1944 εν

177 1967 190 1977 ”
230 1979 276 2070 τῷ
296 1975 413 2072 πράτῳ
436 1980 499 2046 τῶν
519 1982 866 2100 μετεωρολογουμέυοιν
887 1983 931 2060 ³⁷)
954 1974 1073 2058 όύτως·
1107 1971 1234 2054 ..Ἀλλά

231 2076 383 2153 ..πάντων
404 2075 528 2148 τούτων
556 2077 662 2148 άίτιον
690 2077 958 2162 ὑπολείπεται,
950 2074 989 2164 6,
1024 2107 1057 2149 τι
1088 2083 1233 2206 γίγνεται

230 2179 310 2254 ,ιδιά
326 2178 453 2273 χρόνων
474 2184 688 2303 ειμαρμὲνων
725 2179 807 2252 ὁῑον
810 2187 850 2253 ἐν
879 2190 952 2264 ταῖς
980 2211 1045 2256 κατ
1082 2181 1232 2254 ενιαντόν

229 2276 354 2377 »δίραις
371 2282 510 2373 χειμὼν,
543 2283 629 2355 δύτω
650 2283 804 2379 περιόδου
827 2285 916 2367 τινός
935 2283 1060 2376 μεγάλη
1050 2315 1096 2371 ,ς
1127 2293 1232 2377 μέγας

229 2383 368 2476 »χειμών
390 2385 460 2472 5⁷6³
495 2386 605 2458 ’Έοικε
627 2393 663 2458 δὲ
692 2386 749 2457 διά
776 2417 810 2458 τε
838 2386 962 2458 τούτων
990 2388 1050 2474 τὴν
1020 2393 1231 2482 ηὲιμαρμὲ-

227 2513 286 2571 νην
307 2487 366 2573 την
388 2488 490 2585 φύσιν
511 2496 629 2580 λέγειν·
665 2490 757 2562 ὁύτοι
783 2491 853 2585 Ιγόιρ
882 2496 1072 2586 ίιμαρμένοι
1096 2490 1229 2584 χρόνον,

224 2590 344 2682 χειμών
364 2620 399 2662 τε
428 2602 483 2664 καὶ
512 2599 574 2665 τῶν
601 2595 729 2679 ἄλλων,
766 2602 798 2664 οἱ
824 2595 969 2688 φυσικάς
997 2595 1056 2676 τάς
1083 2593 1229 2664 ἀνταπο-

226 2692 335 2776 δόσεις
364 2699 490 2787 ἔχοντες
497 2753 506 2782 ,
542 2696 601 2767 ούκ
632 2701 761 2789 ἔχουσιν
790 2695 894 2779 σἰυτάς
928 2695 1169 2792 άπαραβάτους
1195 2724 1229 2767 τε

226 2805 281 2866 καὶ
308 2807 629 2893 κατηναγκασμένος.
667 2799 779 2872 Αλλόι
806 2807 862 2870 καὶ
890 2805 923 2871 ἕν
950 2805 996 2896 τῷ
1017 2807 1150 2894 πέμπτῳ
1171 2805 1229 2885 τῆς

217 2904 369 2992 ’φυσικῆς
386 2900 589 3025 ἀκροάσεως
617 2900 721 2986 ὁύτως
748 2901 893 2976 πάλιν*
879 2909 1072 2994 ειμαρμίνης
1102 2929 1227 2994 μνημο-

224 2999 328 3072 νεύει·
372 3054 386 3081 „
386 2992 527 3099 ,Ἀρα
511 3010 569 3076 σύν
600 3016 655 3077 καὶ
678 3013 820 3136 γενέσεις
847 3009 910 3076 ἒιοὶ
940 3009 1048 3094 βίαιοι
1079 3014 1137 3074 καὶ
1168 3003 1227 3096 σύγ

224 3109 456 3231 ,,εἰμαρμεγαι,
492 3105 545 3189 άῖς
577 3112 721 3181 ἐναντίαι
754 3116 790 3179 αἱ
817 3107 904 3178 κατόν
932 3106 1059 3204 φύσιν.”
1114 3101 1208 3180 Δί
1182 3135 1226 3178 ow

223 3203 391 3295 πάλιν,“
371 3239 424 3281 οτι
451 3215 498 3306 τῷ
525 3215 583 3296 τῆς
610 3215 803 3307 ἑιμαρμένης
824 3209 964 3300 ὀνόματι
985 3215 1120 3281 ἐπὶτῶν
1141 3209 1227 3280 κατὰ

223 3307 325 3438 γύσιν
346 3321 542 3442 γιγνομενων
560 3319 684 3442 γρῆται
692 3368 701 3398 ,
732 3313 905 3407 γνώριμον.
954 3310 1005 3384 ’Ec
1024 3312 1089 3407 γάρ
1108 3312 1155 3405 μὴ
1178 3317 1225 3408 ’τῷ

222 3417 402 3538 ειμαρμὲγῳ
431 3425 535 3514 φασὶν
556 3422 640 3488 ἐῑναι
667 3421 812 3487 ἐναντίον
839 3414 878 3487 τὸ
907 3415 993 3488 κατά
1020 3414 1141 3512 φύσιν,
1177 3419 1223 3511 τῷ

221 3521 257 3586 δὲ
278 3519 371 3612 παρά
392 3519 450 3604 τὴν
464 3525 675 3646 ἑιμαρμένην
686 3519 724 3589 τό
745 3517 867 3590 καθ’(
851 3525 1045 3612 ειμαρμένην
1066 3521 1222 3602 εναντίον,

177 3633 181 3654 ’
221 3618 342 3691 τάυτὸν
371 3619 412 3692 όίν
443 3625 490 3708 ε’ίη
511 3627 568 3717 τῷ
594 3622 682 3693 κατὰ
713 3621 815 3756 φύσιν
842 3621 881 3692 τό
911 3619 1032 3692 καθ’
1016 3626 1221 3750 ειμαρμένην.

226 3721 331 3790 06
292 3753 357 3817 γαρ
379 3723 419 3808 δη
441 3723 577 3796 πλείω
561 3725 631 3797 οἶόν
653 3755 687 3796 τε
707 3731 753 3798 ἑνὶ
779 3725 849 3796 όντι
870 3729 917 3821 τῷ
936 3725 981 3816 μὴ
1002 3723 1123 3794 παθη
1108 3752 1222 3812 ειμαρ-

219 3832 316 3915 μένην
345 3829 485 3898 ἐναντία.
502 3833 648 3916 λέγειν’
633 3856 731 3912 ειυαι,
779 3829 817 3896 τό
850 3856 883 3898 τε
915 3827 995 3898 καθ
1026 3833 1221 3918 ἱιμαρμένην
