2748 4514
1077 327 1133 432 Ι75

128 495 245 560 nudae
275 503 350 558 sunt
371 479 504 570 censue,
541 491 584 560 itu
611 507 648 559 ut
673 477 926 566 dominicorum
951 499 991 562 sit
1012 485 1128 576 homo,

128 598 202 682 eqni
220 617 343 681 equuus,
379 589 466 662 cuius
491 596 538 660 rei
559 582 674 662 causus¹
690 611 762 670 sumt
781 601 917 682 primum
935 600 975 678 ii,
998 603 1054 684 qui
1075 621 1133 664 ex·

126 713 235 784 pertes
262 701 357 765 fuere
381 698 542 785 coniugii,
587 701 697 766 deinde
722 713 755 767 et
781 704 873 767 liberi
902 714 972 767 ante
1001 715 1132 767 aetatem

127 802 272 868 mortu?
309 801 415 866 Multa
440 803 557 886 quippe
581 825 692 868 eorum
715 806 910 889 quaedum,
947 806 1020 871 ideo
1046 809 1134 893 quod

130 927 194 970 nou
228 908 270 970 ad
296 902 410 969 iustam
441 906 683 991 magnitudinem
716 909 942 985 excreverint,
989 921 1042 972 eut
1070 930 1134 973 non

128 1021 311 1085 commota,
336 1018 389 1070 eut
402 1008 585 1092 priusquam
602 1023 878 1074 commoverentur
892 1013 1045 1089 exstincta
1059 1013 1132 1088 sint,

128 1133 169 1178 eo
190 1110 362 1194 pervenire
384 1131 449 1175 nou
469 1123 659 1194 potuerunt,
683 1123 719 1176 ut
742 1114 790 1177 rei
812 1113 939 1185 alicuius
963 1135 1055 1178 cerusa
1076 1135 1135 1197 per

128 1215 327 1280 efficientiam
346 1214 429 1278 intre
448 1213 519 1298 ipsa
540 1200 742 1280 constitutam
761 1217 886 1280 fierent.
931 1215 1030 1281 Cuius
1042 1235 1134 1299 prae·

128 1331 221 1382 terea
248 1337 370 1380 causam
396 1337 466 1382 esse
493 1317 598 1385 dicent
624 1339 676 1382 eas
699 1320 832 1404 quaein
855 1320 1040 1404 quibusdem
1062 1339 1137 1382 eor-

131 1420 225 1504 poris
242 1420 385 1503 partibus
408 1423 864 1505 enascuntur—superfluitates,
893 1423 981 1486 estius
996 1435 1138 1486 monstra

131 1536 166 1588 ct
187 1545 270 1607 quae
290 1535 419 1606 praeter
438 1530 581 1588 naturum
601 1525 705 1589 fiunt?
737 1527 880 1607 Quorsun
902 1527 1053 1590 nonnulla
1069 1543 1138 1590 om-

127 1626 206 1691 nino
240 1625 287 1690 ita
322 1627 521 1690 conformata
556 1640 644 1704 sunt,
690 1640 726 1692 ut
766 1631 880 1692 dirrare
907 1651 971 1692 uon
1000 1629 1138 1711 possint.

130 1730 232 1811 Quod
253 1727 333 1794 siin
353 1729 470 1812 plantis
493 1742 607 1794 cortex
626 1731 741 1814 pulpae
763 1753 873 1809 causa,
896 1732 994 1814 pulpa
1015 1732 1139 1794 fruetus

129 1833 252 1915 ipsius,
287 1844 319 1894 et
339 1831 491 1918 irrigatur
511 1833 618 1915 planta
638 1846 674 1896 ut
696 1835 814 1910 alatum,
851 1835 946 1900 alitur
967 1855 1067 1910 vero,
1104 1845 1140 1896 ut

126 1937 276 1999 *fructum
305 1937 390 2010 edat3
425 1936 523 1998 multa
543 1935 575 1999 in
597 1934 657 1999 illis
678 1936 821 2018 reperire
844 1947 891 1999 est
912 1957 992 2019 quae
1014 1955 1078 2000 non
1101 1938 1140 1998 ad

131 2059 206 2102 eum
227 2041 355 2101 modum
377 2037 464 2102 fiant.
509 2039 654 2119 Quorum
683 2037 764 2101 enim
786 2049 1042 2121 consequentium
1065 2026 1139 2102 ceu·

131 2163 185 2205 eas
206 2131 287 2206 esse'
300 2141 437 2204 dicemus
460 2160 515 2203 eos
537 2142 685 2218 fructum,
720 2141 856 2225 qui‘aut
876 2153 1064 2225 putruerunt
1086 2155 1142 2204 utut

133 2256 350 2321 exemerunt,
388 2256 441 2307 eut
461 2243 539 2309 folia
561 2243 744 2328 geminata?
786 2246 865 2309 Inde
886 2244 1082 2308 manifestum
1103 2244 1144 2307 fit

135 2345 284 2412 omnibus
315 2367 426 2410 verum
456 2345 640 2429 conspicere
668 2347 847 2411 volentibus
876 2359 909 2410 et
944 2348 1138 2424 valentibus,

134 2449 219 2514 sieut
239 2471 305 2514 non
326 2449 429 2514 omnia
451 2461 525 2532 apta
545 2452 677 2512 suntad
698 2452 870 2534 agendum,
901 2451 945 2514 ita
966 2473 1025 2512 nec
1047 2471 1140 2514 omne

135 2555 225 2636 quod
255 2551 327 2616 ficri
355 2574 449 2616 eausa
475 2565 608 2635 posset,
643 2573 768 2616 causam
796 2565 883 2615 certe
910 2566 964 2615 aut
991 2573 1059 2615 esse
1090 2565 1144 2614 aut
1202 2618 1205 2624 ,

134 2655 234 2720 misse
253 2667 308 2719 eut
334 2657 476 2721 futurum
496 2676 584 2732 esse,
626 2677 685 2718 nec
717 2677 809 2719 omne
843 2657 931 2738 quod
961 2655 1079 2718 sactum
1103 2656 1146 2745 sit

135 2757 247 2821 statim'
272 2759 311 2822 ab
340 2757 465 2844 origine
497 2779 554 2820 sua
586 2777 710 2838 causam
738 2779 807 2821 esse
838 2757 938 2822 futuri
970 2759 1141 2823 cuiusdam.

137 2862 231 2926 Haec
259 2874 363 2925 utitem
393 2862 463 2944 ipsa
496 2881 671 2944 agnoscere
696 2859 779 2924 inter
807 2860 1043 2943 disputandum,
1089 2865 1146 2940 sed

138 2985 178 3028 eo
201 2965 379 3049 confugere
402 2965 489 3047 quod
510 2963 663 3027 incertum
685 2963 743 3041 sit,
778 2964 865 3027 cuius
895 2964 942 3030 rei
976 2967 1055 3030 istae
1083 2966 1146 3029 siut

138 3088 269 3144 musae,
309 3069 415 3150 (quod
437 3078 469 3130 et
496 3067 580 3130 cirea
600 3066 831 3150 providentiam
853 3065 978 3152 qualem
998 3067 1061 3148 ipsi
1081 3080 1145 3130 sta·

137 3171 358 3234 nuntiauere
386 3191 481 3252 saepe
511 3172 709 3256 coguntur),
746 3171 779 3234 id
806 3193 887 3236 vero
916 3182 963 3234 est
989 3170 1021 3233 in
1050 3171 1146 3234 rebus

138 3271 408 3337 inextricabilibus
425 3273 550 3338 facilem
564 3273 669 3338 moliri
689 3273 820 3338 enimn.
851 3277 933 3337 Nam
951 3271 978 3335 si
991 3272 1035 3336 ita
1050 3293 1145 3357 agere

139 3375 251 3452 liceat,
280 3375 358 3438 nihil
378 3377 518 3441 obstabit
538 3376 705 3461 quominus
729 3380 766 3440 de
787 3377 826 3440 iis
852 3396 932 3459 quae
956 3387 1028 3440 sunt
1052 3377 1146 3458 plane

139 3479 273 3555 absona,
297 3477 420 3542 dicatur
442 3491 473 3542 et
493 3500 562 3542 esse
584 3501 643 3557 ea,
667 3492 699 3544 et
719 3480 841 3544 ratione
862 3479 1006 3544 nudatas
1028 3479 1163 3566 habere

141 3601 272 3658 musas,
296 3583 354 3644 sed
374 3601 433 3646 nos
454 3581 599 3646 latentes.

507 3753 509 3758 .
576 3687 713 3752 XXIV.

202 3787 297 3852 Haec
324 3809 404 3874 ergo
432 3785 478 3851 sic
505 3809 575 3854 cum
604 3809 638 3852 se
667 3789 824 3866 habeant,
867 3802 920 3854 aut
946 3790 1015 3854 iiet.
1031 3789 1148 3874 aliquid
1176 3793 1179 3798 “

139 3891 206 3956 sine
222 3911 335 3968 cause,
359 3904 390 3953 et
411 3891 475 3954 hoc
496 3905 543 3956 est
564 3894 651 3978 quod
671 3913 730 3958 nos
754 3893 963 3972 defendimus,
988 3906 1040 3968 aut
1058 3905 1144 3956 certe
