2754 4510
1075 287 1138 352 217

127 461 371 530 memoravimus
390 469 502 548 gentes
534 459 567 525 in
588 457 744 540 Meridie,
766 459 800 526 in
817 461 918 539 Ortu,
941 460 974 526 in
995 461 1134 540 Occasu,

127 567 162 632 in
182 565 406 652 septentrione
429 585 467 630 ae
485 563 620 650 proinde
641 564 675 628 in
700 575 764 628 tam
786 564 899 630 dissitis
916 576 1022 630 terrae
1033 566 1132 644 locis,

129 691 211 756 qnae
236 679 385 753 expertes
410 679 483 732 sunt
509 667 585 732 artis
611 688 630 732 a
653 666 820 732 Mercurio
845 667 989 734 traditae.
1047 669 1138 752 Quot

129 772 247 856 putatis
284 771 346 834 viri
376 770 532 854 sapientes
565 781 724 834 mutarimt
760 771 841 842 male
870 771 991 855 positas
1023 771 1135 858 leges?

133 877 222 958 Quot
249 874 338 960 leges
361 875 404 938 ob
427 873 637 938 difficultatem
662 873 764 938 sactae
782 886 853 938 sum
880 873 1011 938 irritae?
1047 875 1137 958 Quot

131 999 228 1064 reges
253 976 448 1061 populorum
477 975 616 1058 victores
641 989 801 1040 mutarunt
827 988 970 1060 receptas
1001 977 1139 1059 primum

130 1079 240 1166 leges,
277 1101 317 1144 ac
348 1101 421 1144 suas
452 1099 649 1163 reposuere:
686 1101 788 1164 neque
820 1091 923 1144 tamen
950 1080 1042 1144 stella
1070 1081 1136 1144 ulla

133 1184 200 1248 uim
228 1205 316 1248 suam
341 1182 456 1246 amisit.
515 1183 583 1264 iam
607 1185 705 1248 modo
730 1183 869 1248 Romani
898 1183 1023 1247 domitis
1051 1184 1137 1248 Ara-

132 1288 211 1352 bum
227 1287 319 1350 terris
336 1285 478 1350 instituta
491 1284 537 1350 ibi
554 1298 724 1352 mutarunt.
783 1288 866 1352 Nam
880 1286 1026 1352 voluntas
1037 1287 1138 1352 libera

134 1391 329 1454 voluntatem
352 1389 483 1452 liberam
505 1390 663 1474 sequitur.¹
702 1391 828 1454 Addam
849 1390 949 1467 aliud,
974 1393 1061 1474 quod
1086 1391 1138 1456 vel

132 1492 269 1556 maxime
294 1493 475 1558 incredulos
500 1505 610 1575 posset
631 1493 844 1559 convincere:
882 1493 992 1558 Iudaei
1017 1515 1138 1568 omnes;

134 1596 189 1680 qui
220 1617 282 1678 per
307 1597 437 1660 Mosem
470 1596 573 1680 legem
602 1617 777 1678 accepere,
815 1609 906 1662 natos
934 1596 995 1661 sihi
1019 1597 1139 1661 liberos

133 1721 237 1762 mares
265 1698 315 1762 die
342 1710 458 1763 octavo
488 1697 741 1762 circumcidendo
768 1712 950 1777 cruentant,
987 1721 1052 1764 non
1078 1723 1137 1764 ex·

133 1813 312 1888 spectantes
345 1801 455 1864 sideris
491 1801 619 1864 alictiius
649 1803 840 1880 adventum,
874 1825 939 1867 non
954 1815 1136 1868 metuentes

135 1907 199 1970 visu
223 1917 345 1970 tractus
369 1905 564 1986 praesidem,
594 1925 659 1967 non
684 1904 814 1968 aliarsun
836 1907 975 1992 gentium
998 1928 1032 1970 se
1056 1907 1137 1992 legi-

134 2011 193 2072 bus
218 2019 379 2092 aptantes3
408 2010 464 2070 sed
488 2005 609 2072 sivein
632 2007 727 2088 Syria
750 2021 840 2086 sunt,
863 2009 932 2074 sive
956 2010 989 2072 in
1013 2009 1134 2087 Gallia,

135 2112 202 2176 sive
223 2112 256 2174 in
282 2111 391 2186 ltalia,
415 2110 483 2174 sive
504 2111 536 2176 in
552 2110 704 2188 Graecia,
727 2111 795 2176 sive
812 2111 844 2176 in
861 2113 993 2179 Parthia
1014 2125 1045 2178 et
1066 2115 1138 2180 ubi·

138 2236 272 2298 cumque
311 2227 383 2276 suut
418 2214 582 2290 locorum,
619 2214 757 2280 hoc-sic
780 2216 919 2296 faciunt,
966 2220 1053 2303 quod
1072 2239 1138 2284 non
1207 2263 1211 2270 -

136 2331 184 2382 est
218 2339 259 2380 ex
288 2317 450 2402 genitura;
487 2337 589 2400 neque
618 2317 700 2382 cuim
728 2340 837 2384 omnes
867 2321 976 2386 Iudaei
1008 2325 1139 2388 eandem

136 2419 314 2506 genituram
335 2421 451 2483 habere
470 2433 618 2502 possunt.
662 2421 780 2484 Sedet
806 2422 855 2485 die
884 2445 1010 2508 quoque
1039 2427 1138 2509 septi.

136 2546 184 2586 ma
211 2544 321 2588 omncs
343 2523 532 2606 ubicumque
554 2534 648 2598 sunt,
674 2524 759 2586 omni
777 2523 931 2588 abstinent
950 2548 1066 2609 opere,
1090 2529 1134 2592 ita

138 2639 172 2689 ut
194 2649 253 2690 nec
268 2627 336 2716 iter
353 2625 489 2701 saciant,
514 2649 573 2688 nec
593 2626 668 2712 igne
683 2638 821 2689 utantur.
865 2630 977 2712 Neque
996 2631 1139 2714 genitura

136 2732 285 2794 Iudaeum
310 2728 494 2792 necessitato
507 2727 656 2812 prohibet
677 2732 804 2792 domurn
821 2731 1003 2808 aedificare,
1026 2735 1135 2816 hospi·

135 2831 212 2896 tium
242 2853 390 2907 sruuerc,
428 2854 508 2914 opus
537 2833 662 2909 facere,
700 2836 855 2911 vendero,
901 2857 1005 2900 emere
1029 2837 1139 2902 diebus

136 2936 309 2999 sabbathi:
347 2955 524 3018 quanquam
551 2938 659 2998 eadem
687 2935 736 2998 dio
765 2937 875 3002 Iudaei
900 2951 931 3002 et
954 2941 1084 3026 gignant
1106 2955 1139 3006 et

137 3039 328 3124 gignantur,
353 3050 385 3100 et
405 3050 572 3122 aegrotent
589 3050 620 3101 et
637 3039 823 3104 moriantur.
867 3044 957 3106 Haec
975 3044 1056 3108 enim
1073 3067 1138 3111 non

136 3155 210 3206 siunt
238 3163 349 3204 eorum
374 3163 454 3226 quae
481 3141 514 3204 in
544 3155 653 3204 nostra
675 3143 819 3208 libertate
847 3159 918 3210 sunt
938 3147 1055 3230 posita.
1100 3151 1137 3214 In

138 3244 234 3324 Syria
258 3257 290 3306 ct
316 3243 349 3308 in
380 3243 527 3308 Osroene
553 3245 643 3324 muniti
672 3245 704 3309 in
731 3247 887 3312 honorem
913 3251 1021 3312 Rheae
1053 3254 1139 3316 sole-

139 3351 216 3410 bant
238 3345 297 3408 sibi
322 3357 428 3428 partes
462 3347 612 3432 genitales
639 3349 832 3413 absehidcrc.
890 3353 963 3416 Uno
988 3357 1140 3436 temporis

137 3461 260 3534 puncto
282 3447 370 3511 iussit
392 3449 543 3534 Abgarus
564 3451 707 3514 omnibus
729 3451 783 3534 qui
804 3452 863 3516 sibi
878 3475 929 3516 eas
953 3467 1058 3537 partes
1080 3460 1136 3520 ab·

137 3551 321 3629 ecidissent,
347 3551 485 3615 abscindi
506 3575 627 3616 manus.
660 3555 712 3616 Ex
734 3577 773 3618 co
795 3556 826 3619 in
849 3557 995 3621 Osroene
1017 3561 1137 3626 desiere

139 3653 292 3719 abscindi.
337 3654 422 3740 Quid
441 3671 519 3718 vcro
535 3655 683 3720 'dicemus
706 3658 744 3719 de
767 3655 1022 3726 Christianorum
1039 3677 1136 3743 secta,

139 3759 227 3822 murus
263 3781 321 3824 nos
350 3757 530 3840 disciplinae
558 3780 686 3835 siamus,
725 3761 812 3824 mrilti
843 3765 1010 3830 admodum
1038 3765 1138 3833 indi·

138 3861 323 3936 uersissirnis
350 3859 534 3945 regionibus
564 3861 790 3948 gentibusque:
825 3878 854 3928 et
878 3889 947 3932 cum
969 3879 1031 3932 tam
1050 3871 1139 3936 muti
