2718 4506
265 299 325 366 ³38

288 470 320 548 l)
349 464 452 587 ἰέλλο
474 461 576 553 πρὸς
598 460 751 538 ἄλλον]
775 460 875 522 Fiein.
900 457 929 520 in
954 479 1054 542 marg.
1082 453 1165 523 ἄλλο
1187 452 1263 545 παρ’

288 674 323 752 5)
351 571 552 760 magestas]
576 667 780 731 Scribendum
795 663 861 726 sine
876 662 973 726 dubio
988 662 1176 750 ἱυρεθεῑσα.
1195 660 1267 740 (0.)
1291 759 1294 768 ,

687 843 770 905 cap.
806 845 844 884 11.

291 992 323 1070 l)
352 984 480 1072 ἰέναι]
503 985 552 1048 Ita
574 984 675 1048 Fiein.
698 983 729 1044 in
752 1002 854 1064 marg.
888 980 927 1042 In
943 979 1025 1042 Edd.
1043 978 1126 1045 ε’ῐναί
1141 978 1265 1042 vitiose.

354 1091 426 1171 (0.)
448 1088 562 1154 Paullo
579 1098 650 1150 ante
664 1086 801 1150 fortasse
819 1084 882 1166 leg.
906 1088 961 1147 καὶ
984 1076 1001 1146 ὁ
1023 1085 1081 1167 μέν
1102 1077 1266 1158 πλούσιος.

306 1207 310 1226 ’
354 1192 600 1276 (θωμθνεη.)
971 1183 976 1190 ’
1070 1195 1074 1204 “

291 1297 324 1377 3)
353 1300 420 1361 καὶ
441 1287 598 1372 ταύτην
620 1287 664 1358 οὗ
693 1284 822 1374 μόνον
849 1284 1070 1364 κινοῦσαν]
1117 1287 1170 1350 Sic
1191 1285 1268 1350 edidi

354 1417 447 1461 sensu
468 1394 628 1478 flagitante
650 1412 711 1475 pro
734 1395 789 1456 καὶ
811 1383 932 1470 ταύτην
956 1384 1062 1476 ’μόνην
1095 1385 1135 1455 οὐ
1164 1391 1266 1456 κινοῦ-

356 1523 428 1565 σαν.
485 1494 639 1560 Correxit
674 1494 734 1557 iam
773 1491 969 1576 doctissimus
1011 1491 1195 1558 Creuzerus
1231 1495 1267 1556 ad

355 1599 467 1666 Procli
488 1600 569 1663 Inst.
593 1597 712 1662 Theol.
734 1619 768 1680 p.
794 1596 867 1660 118.
911 1594 984 1675 (Ο.)

293 1710 326 1788 l)
353 1701 424 1773 διὰ
444 1700 516 1785 τὴν
538 1704 578 1769 ἐκ
599 1697 754 1768 τούτων
776 1693 1028 1789 πρόρῥησιν]
1067 1699 1120 1763 Sic
1138 1703 1178 1764 ad
1199 1721 1267 1762 ver-

356 1809 477 1872 sionem
491 1804 582 1891 Hug.
602 1805 709 1870 Grotii
732 1801 892 1866 emendavi
913 1804 1012 1865 verba
1034 1802 1268 1886 corruptissima

356 1906 423 1978 ἀπὸ
446 1908 502 2005 τῇς
523 1910 557 1974 ἐκ
580 1903 702 1975 τούτων
721 1900 912 1996 πρόῤῥησιν.
954 1903 1081 1968 Ficinus
1097 1918 1223 1975 vertens
1236 1919 1267 1974 et

357 2009 671 2097 praedicationibus
684 2029 745 2091 per
758 2009 916 2076 eoelestia
922 2006 1037 2088 foetis
1050 2006 1145 2089 freti
1156 2009 1268 2095 legisse

357 2115 483 2178 videtur
504 2116 559 2176 καὶ
580 2109 619 2203 τῇ
641 2109 675 2174 ἐκ
696 2104 820 2176 τούτων
841 2103 1018 2200 προρῥὴσει
1040 2123 1103 2175 ete.
1147 2111 1220 2195 (0.)

292 2221 328 2304 5)
356 2221 424 2285 καὶ
445 2208 645 2293 τούτους]
669 2209 746 2276 Scil.
769 2207 875 2280 ταύτα
897 2214 1051 2298 λέγοντας
1073 2217 1161 2299 quod
1180 2237 1271 2282 sensu

360 2317 582 2410 supplendum?
624 2315 696 2396 (Ο.)

692 2495 710 2538 G
719 2498 739 2538 Α
747 2499 777 2540 l’·
804 2499 857 2540 111·

257 2639 264 2648 ·
299 2625 332 2704 1)
362 2616 483 2689 οὐδὲν
511 2614 559 2698 δὴ
587 2611 768 2699 πάντως]
806 2617 1011 2682 scribendum
1034 2619 1161 2684 videtur
1182 2617 1271 2690 οὐδὲν

361 2726 398 2791 δὲ
425 2722 552 2800 τακτοῖς
586 2722 747 2805 quomodo
783 2719 815 2783 in
851 2720 997 2786 versione
1032 2743 1088 2786 sna
1120 2726 1271 2808 expressit

362 2824 506 2892 Grotius.

298 2930 333 3009 2)
356 2918 424 2993 ὅτε
451 2931 593 3011 γέγονε
616 2921 795 3006 πάντως,
819 2918 1269 3021 ὥςτεόύεεπρόῤῥησις

363 3030 448 3112 ete]
494 3031 589 3113 Lego
613 3026 707 3094 τὸ--δὲ
729 3024 899 3116 γενόμενον
921 3033 1035 3113 τοῦτο,
1073 3023 1127 3098 ὅτε
1149 3037 1269 3120 γέγονε,

341 3175 342 3180 1
361 3128 491 3210 πάντως
512 3125 584 3196 (lose
606 3129 787 3222 πρόῤῥησις
807 3145 869 3196 etc.
892 3128 932 3200 ἂν
954 3135 1010 3216 ἕίη.
1038 3136 1149 3199 deletis
1172 3138 1269 3200 verbis

363 3227 406 3314 ὥς
427 3260 470 3303 τε.
491 3237 555 3298 hoe
576 3255 686 3298 sensu:
732 3236 830 3317 Quod
850 3249 951 3299 autem
979 3238 1015 3299 fit
1048 3241 1119 3321 (per
1152 3252 1267 3304 atomos

365 3339 451 3421 soil.)
484 3339 608 3421 quando
630 3337 684 3414 fit,
724 3339 850 3403 omnino
873 3341 957 3402 nulla
980 3341 1038 3403 erit
1058 3363 1162 3426 neque
1183 3365 1269 3428 prae·

364 3441 470 3508 dictio.
492 3440 625 3504 Grotius
647 3440 761 3526 legisse
784 3441 907 3506 videtur
929 3434 982 3509 ὅτε
1003 3447 1130 3530 γέγονε,
1154 3447 1269 3525 tontole

363 3549 473 3632 γέγονε
494 3555 556 3606 etc.
601 3542 674 3624 (Ο.)

300 3652 335 3730 3)
363 3639 473 3729 ἥτις]
502 3645 627 3708 Ficinus
650 3646 680 3709 in
703 3670 804 3732 marg.
829 3649 855 3716 e'e'
876 3675 933 3730 τις.

302 3749 504 3832 4)’ἔσται]
528 3749 639 3814 Malim
656 3748 746 3816 ἔστω.
767 3773 934 3833 ponamus
957 3764 994 3820 ut
1015 3758 1079 3822 sit:
1098 3765 1220 3838 geselzl
1240 3777 1268 3820 es

298 3875 304 3882 ·
364 3876 430 3939 σε).
474 3850 547 3930 (O.)
620 3863 624 3872 '
