2754 4510
1053 329 1114 394 275

106 495 161 578 11))
186 487 517 582 κατηγορεῖται]
538 477 1012 582 κατηγορεῖσθαιρώσεᾱίοσνί,
1032 496 1114 562 diei.

188 599 356 686 λέγεσθαι
386 599 461 684 περὶ
491 593 550 660 τοῦ
582 587 795 680 ὑποκειμένου
824 597 1016 662 vocabulum
1037 597 1115 662 Ari-

192 696 393 776 stotelicum,
425 697 513 782 quod
532 695 629 762 semel
650 695 810 762 monuisse
831 698 976 763 sufficiat.
1020 687 1120 781 (Ο.)’

106 801 161 884 11)
190 801 270 868 τῶν
298 841 316 857 -
336 840 353 856 -
373 841 390 857 -
416 791 721 880 ἀπαντώντων]
757 799 811 864 Sic
831 801 941 866 Havn.
964 802 1060 880 Mon.
1083 815 1117 870 et

193 901 303 970 Gasel.
337 938 353 954 ·
379 943 396 958 -
424 895 579 970 ἇτταντών
605 900 684 968 Ald.
714 905 747 969 1.
775 915 808 969 et
828 906 939 972 Lond.
962 900 1117 976 ἀπαντῶν

193 1006 259 1075 τών
279 997 366 1073 τότε.
406 1005 487 1071 Ald.
508 1005 543 1100 2.

107 1111 162 1192 12)
191 1103 310 1190 τότε]
334 1104 442 1172 Casel.
464 1102 550 1195 τόγε.

108 1215 164 1296 13)
192 1209 391 1302 ἔχοντος]
427 1209 507 1276 Ald.
530 1215 563 1276 1.
587 1209 715 1301 ἔχοντα.

107 1317 163 1398 14)
193 1311 290 1393 τούς
309 1311 462 1402 μηδὲν]
484 1312 620 1382 Aldu.
643 1317 689 1408 τῷ
709 1318 811 1404 μηδὲν
832 1312 917 1380 etin
938 1336 1031 1402 seqq.
1053 1339 1116 1401 pro

193 1412 363 1500 σώζοντας
390 1429 422 1481 et
455 1410 756 1506 νομοθετήσαντας
791 1418 908 1486 vitiose
940 1414 1118 1502 σώζοντος,

192 1513 497 1608 νομοθετήσαντος.

109 1623 164 1706 15)
192 1621 242 1691 τὸ
262 1620 364 1710 γὰρ]
386 1622 442 1690 sic
460 1645 524 1707 pro
540 1623 586 1690 τώ
566 1617 663 1717 γὰρ
678 1622 761 1690 edidi
773 1623 937 1711 flagitante
951 1638 1119 1692 contextu.
1141 1673 1146 1682 ·

193 1726 395 1812 lungendum
425 1725 497 1792 scil.
527 1722 566 1793 τὸ
597 1723 663 1818 γὰρ
688 1723 736 1814 μὴ
764 1723 985 1820 ἀναιρεῖσθαι
1012 1731 1119 1799 ἐκεῖνα

196 1829 459 1921 σοφιζομένων’
443 1827 522 1898 εστὶ.
563 1829 638 1910 (0.)

110 1933 167 2015 16)
197 1929 362 2010 ἐκεῖνα]
404 1932 458 1997 Sic
485 1931 593 2009 Gasel.
622 1942 655 1996 et
686 1897 797 1998 Lund.
826 1933 927 2000 ἐκεῖνο
961 1933 1118 2011 Aldinae,

197 2046 235 2098 nt
255 2030 502 2124 intelligatur
469 2059 508 2102 το
530 2035 589 2118 τῆς
610 2029 708 2134 τύχης
729 2031 847 2124 ὄνομα.
869 2035 934 2100 Sed
952 2035 1017 2099 hoe
1037 2037 1120 2100 idem

194 2137 291 2224 plane
313 2150 396 2202 esset
417 2157 489 2202 eum
509 2159 602 2225 seqq.
629 2141 713 2226 μηδὲ
740 2135 801 2220 τὴν
829 2133 929 2227 τύχην
949 2143 1006 2205 καὶ
1026 2135 1122 2206 ἄναι-

197 2243 340 2334 ρεῖσθαι
361 2244 475 2370 λέγειν,
500 2254 532 2306 et
551 2242 633 2306 bene
653 2243 787 2306 habet’
771 2247 877 2311 εκεῑνα
897 2241 968 2306 scil.
990 2238 1035 2309 τὰ
1054 2238 1122 2311 ἀπὸ

197 2339 298 2433 τύχης
319 2368 354 2412 τε
375 2348 431 2412 καὶ
451 2338 648 2434 ἀυτομώτως
668 2338 834 2432 γινόμενα.
877 2345 937 2426 (Ο)

113 2447 169 2530 17)
198 2453 269 2515 καὶ
303 2441 616 2541 αναιρεῖσθαι]
665 2451 723 2516 κα)
753 2446 886 2512 abest
876 2467 910 2512 in
944 2449 1125 2514 Havn.et

115 2655 172 2736 18)
200 2659 271 2720 καὶ
291 2649 391 2733 τούς
411 2648 673 2736 ἀκούοντας]
701 2656 759 2720 καὶ
780 2650 896 2718 omittit
915 2653 994 2718 Ald.
1017 2654 1050 2718 2.

117 2757 174 2840 19)
202 2752 324 2824 οὐδὲν
351 2751 553 2839 κωλύσει]
588 2757 644 2824 Sie
670 2757 748 2840 Ald.
780 2759 812 2821 1.
845 2767 877 2820 et
898 2757 1008 2822 Lond.
1030 2759 1126 2822 bene.

204 2855 301 2930 οὐδέν
321 2855 534 2940 κωλύσαντας
554 2859 653 2926 Mon.
674 2859 752 2924 Ald.
769 2859 802 2923 2.
825 2870 856 2922 et
877 2857 987 2926 Casel.
1031 2859 1105 2939 (Ο.)

118 2963 174 3045 20)
203 2969 275 3031 καὶ
294 2963 506 3031 τοσοῦτον
527 2957 724 3044 ἀποδεῖν]
745 2966 800 3029 καὶ
815 2963 896 3036 bene
915 2963 1001 3028 addit
1016 2965 1126 3028 Havn.

205 3078 238 3133 et
261 3063 370 3132 Casel.
394 3064 541 3130 omittunt
562 3064 696 3129 Aldinae
719 3075 750 3128 et
771 3065 881 3129 Lond.

119 3171 177 3253 21)
205 3166 258 3236 τὰ
284 3162 513 3258 γινόμενα]
548 3167 603 3242 Sie
629 3167 712 3232 edidi
741 3188 813 3232 cum
835 3164 977 3234 Caselio.
1000 3165 1130 3250 Reliqui

205 3265 373 3361 γενόμενα.
913 3299 921 3316 ·

118 3376 177 3458 22)
205 3377 272 3442 ἐστὶ
292 3375 346 3466 τῷ
367 3366 559 3462 ’τόώνομα
580 3369 749 3456 σώζειν]
785 3371 840 3437 Sic
860 3371 938 3436 Ald.
961 3371 994 3436 2.
1019 3368 1129 3436 Casel.

208 3489 241 3542 et
261 3479 372 3544 Lond.
394 3473 492 3545 e'nlt'
517 3473 643 3564 ὀώνομα
666 3471 791 3558 σώζειν.
839 3475 917 3540 Ald.
942 3476 974 3540 1.
1011 3475 1063 3542 ἐντὶ
1090 3471 1131 3541 τὸ

207 3575 234 3648 τ’
258 3575 385 3668 ὀώνομα
407 3575 529 3662 σώζειν.
571 3575 669 3646 Mon.

122 3684 178 3764 23)
208 3689 279 3750 καὶ
307 3676 577 3770 ἆντὸματον]
614 3685 693 3749 Ald.
719 3683 751 3747 1.
775 3686 830 3748 καὶ
853 3679 891 3748 τὸ
913 3675 1112 3768 ἀντόματον.

121 3787 179 3870 21)
212 3781 264 3852 Οὐ
294 3787 362 3854 δεῖ
384 3783 488 3878 γὰρ]
523 3786 600 3850 Ald.
625 3791 656 3851 l.
700 3781 814 3862 Οὐδεὶς
833 3786 915 3869 γοῦν
937 3783 1021 3849 etin
1042 3804 1134 3868 seqq.

209 3893 295 3976 λέγει
316 3909 378 3974 pro
400 3893 513 3978 λέγειν.
557 3889 640 3956 Vide
664 3888 785 3953 Notum
808 3901 1003 3974 sequentem.
