2754 4510
1073 283 1133 348 231

133 451 225 518 ritate
245 445 364 516 facturi
379 457 501 525 essent,
535 467 750 534 quaecumque
771 449 922 529 fecerint,
954 469 1058 538 neque
1083 453 1135 517 vel
1234 453 1237 460 “

135 557 185 622 sui
212 554 347 638 amplius
376 551 498 618 arbitrii
522 551 623 616 tutari
652 554 704 617 vel
736 553 848 618 liberi:
892 554 947 620 Dii
971 577 1051 621 vero
1083 557 1135 620 vel

136 657 281 724 vacaturi
309 655 437 720 omniuo
460 676 479 719 a
499 655 659 738 suppliciis
679 657 918 740 improborum,
953 659 1005 723 vel
1028 659 1137 723 imme-

135 762 200 826 rito
221 759 386 844 punituri,
421 757 573 842 siquidem
599 759 673 824 mali
700 761 761 824 sint
787 781 830 824 ex
848 761 1031 827 necessitate
1051 762 1136 826 mali.

137 867 262 930 Verum
287 861 433 928 homines
464 874 537 924 sunt
564 861 613 926 sui
636 861 779 942 arbitrii,
816 883 881 926 non
910 865 997 946 quod
1022 863 1137 928 nullius

138 968 273 1052 imperio
289 975 439 1050 pareunt,
473 964 526 1028 vel
550 963 628 1028 alius
652 966 705 1028 vel
727 965 871 1048 ipsorum
892 966 1055 1043 Deorum,
1082 969 1139 1031 sed

138 1075 226 1156 quod
252 1069 390 1133 habeant
416 1061 500 1132 int'ra
526 1088 562 1131 se
584 1070 740 1152 quendam
756 1068 988 1153 principatum,
1019 1069 1140 1134 scilieet

138 1187 294 1249 mentem,
317 1173 470 1256 pleraque
494 1192 575 1239 vero
603 1193 683 1255 quae
710 1184 853 1256 pareant.
897 1173 942 1238 Et
967 1169 1139 1236 multorum

139 1278 267 1364 quidem
286 1277 421 1352 horum,
444 1297 507 1339 una
524 1294 604 1360 quae
625 1275 778 1359 optimum
800 1288 848 1342 est
867 1289 980 1342 neutra
995 1276 1028 1340 in
1046 1274 1139 1340 nohis

140 1381 267 1446 domins
287 1401 374 1443 mens
401 1391 460 1442 est.
511 1379 588 1462 Ipsa
617 1399 699 1448 vero
723 1401 810 1444 mens
838 1383 925 1466 quod
952 1399 1056 1464 porro
1081 1400 1140 1462 pa·

139 1497 209 1550 reat
230 1483 346 1547 nemini
370 1481 431 1546 dici
453 1503 518 1548 uon
538 1492 663 1563 potest:
694 1482 812 1568 quippe
829 1505 923 1568 qiam
943 1483 1049 1567 primo
1070 1481 1140 1568 qui·

140 1591 212 1654 dem
236 1609 290 1651 res
316 1597 462 1650 externas
489 1585 674 1669 sequisatis
696 1598 743 1650 est
770 1587 985 1652 manifestum:
1031 1585 1141 1651 deinde

140 1693 216 1758 lieet
250 1711 317 1755 uon
347 1689 379 1752 in
406 1688 552 1753 omnibns
583 1692 624 1753 ab
657 1689 767 1753 iisdem
798 1691 894 1754 rebus
919 1692 1031 1766 eodem
1062 1687 1143 1754 affici

141 1797 242 1860 modo
267 1792 482 1878 intelligente,
519 1791 620 1860 minus
652 1804 756 1856 tamen
785 1805 871 1856 recte
906 1793 976 1877 quis
1006 1791 1140 1869 iudicet,

140 1899 229 1963 illam
253 1907 425 1979 propterea
449 1917 514 1962 uon
539 1917 581 1959 ex
606 1898 791 1966 necessitate
818 1887 871 1960 res
899 1894 1007 1980 sequi:
1044 1893 1143 1979 siqui-

142 2004 214 2066 dem
241 2009 394 2082 apparet,
426 2001 491 2066 hoo
516 2011 548 2063 et
573 2021 591 2064 a
612 2000 737 2064 diversa
766 1995 917 2084 cuiusque
948 1997 1059 2062 mentis
1086 2020 1146 2062 na·

136 2117 213 2168 'tura
238 2115 273 2168 et
297 2099 593 2173 ab'exercitatione
618 2101 792 2186 proficisci.
850 2104 934 2169 Nam
959 2105 1066 2166 eadem
1091 2123 1144 2166 nes

143 2227 350 2291 quaecunque
371 2205 515 2288 pluribus
542 2206 688 2291 quidem,
726 2208 782 2270 sed
802 2205 906 2290 eliqua
924 2205 1007 2270 inter
1031 2227 1065 2269 se
1091 2227 1143 2269 rs-

144 2311 232 2374 tione
265 2309 398 2372 diversis
433 2331 628 2386 occurrens,
666 2309 808 2373 diversas
840 2309 933 2372 etiarn
964 2308 1144 2372 necessario
1195 2370 1199 2378 ,

143 2413 327 2478 affectiones
345 2414 516 2494 producet.
559 2412 677 2476 Differt
700 2412 780 2475 enirn
808 2413 888 2475 haec
910 2433 995 2476 mens
1020 2411 1053 2475 in
1081 2410 1146 2474 sin·

143 2517 226 2602 gualis
252 2527 285 2579 et
310 2537 372 2599 qua
399 2527 544 2579 naturam
565 2527 597 2577 et
617 2537 680 2598 qua
705 2513 976 2578 exercitationem.
1020 2515 1064 2576 Et
1089 2534 1145 2576 na·

144 2631 219 2684 tura
240 2619 365 2704 quidem
386 2618 441 2682 Dii
463 2630 536 2681 sunt
561 2618 695 2696 domini,
727 2615 961 2682 exercitationis
981 2635 1061 2681 vero
1091 2615 1146 2680 illa

147 2722 300 2806 cuiusque
322 2743 357 2785 se
374 2720 554 2785 exercentis
565 2720 693 2803 opinio,
717 2741 811 2804 quam
828 2719 916 2802 prius
934 2729 1044 2783 nactus
1066 2729 1145 2796 erat,

70 2899 75 2906 ι
147 2845 305 2912 quamque
321 2824 561 2908 adipisci'nemo
581 2833 706 2906 potest,
730 2822 789 2886 nisi
807 2825 939 2887 docente
961 2822 1047 2886 Deo.
1092 2821 1148 2886 sui

148 2949 231 3014 ergo
253 2939 325 2991 sunt
347 2925 469 2991 arbitrii
492 2926 635 2990 homines
664 2926 696 2988 in
725 2937 875 3008 quantum
900 2924 960 2989 sibi
979 2925 1145 3009 imperant,

148 3031 222 3096 licet
257 3032 317 3094 snb
352 3029 430 3093 alius
459 3029 594 3112 imperio
628 3027 791 3093 constituti
815 3029 988 3112 imperent:
1036 3027 1151 3093 Liberi

149 3155 230 3197 sero
254 3135 489 3217 quodammodo
519 3143 647 3196 suntet
674 3152 739 3196 non
769 3145 854 3198 sunt.
913 3133 994 3196 Nam
1025 3129 1053 3194 si
1082 3151 1150 3194 eam

149 3237 220 3322 quis
238 3235 414 3300 libertatem
431 3234 583 3312 nominet,
608 3257 688 3319 quae
704 3257 768 3300 non
788 3236 828 3298 sit
845 3233 1024 3309 necessitas,
1048 3232 1149 3298 minus

147 3351 235 3404 recte
262 3337 305 3402 ita
328 3339 507 3403 nominasse
535 3338 723 3410 videbitur..
759 3336 907 3424 Cogetnr
936 3335 1017 3399 enim
1038 3355 1149 3400 neces-

148 3443 272 3508 sitatem
306 3463 425 3504 vocare
454 3441 656 3505 servitutem:
690 3441 839 3506 servituri
867 3459 945 3502 vero
974 3439 1150 3504 dominatus

148 3545 275 3630 quidam
299 3565 368 3608 esse
387 3546 503 3622 debet,
542 3544 592 3608 oui
609 3557 644 3608 ut
662 3545 798 3608 servitus
820 3543 932 3607 subsit.
978 3541 1042 3605 Sed
1063 3541 1149 3626 quis-

149 3669 221 3712 nam
246 3661 312 3711 turn
338 3649 399 3712 erit
422 3648 620 3722 dominatus,
656 3645 705 3709 eui
731 3668 795 3710 non
821 3646 942 3710 servire
965 3645 1151 3710 accessesit

150 3751 263 3816 summi
283 3749 330 3814 illi
353 3749 546 3826 necessitati,
571 3771 651 3833 quae
670 3752 738 3814 sols
759 3769 818 3832 per
836 3769 870 3812 se
892 3761 940 3812 est
960 3747 1147 3822 necessaris,

150 3875 220 3920 cum
247 3852 370 3940 reliqua
390 3875 449 3940 per
473 3854 572 3942 ipsum
600 3851 682 3932 sint,
725 3873 881 3938 quamque
906 3853 1009 3936 ipsum
1034 3853 1153 3918 honuni
