2754 4510
243 319 305 384 194
405 385 409 395 ,

241 476 375 574 φάσεις,
395 474 494 556 ἵππος
518 473 614 564 μέν’
604 469 655 545 ότι
677 471 853 560 έξῖπποο,
880 479 938 542 καὶ
960 468 1215 564 άνθρωτιος,’
1195 500 1251 543 οτι

209 648 211 652 .
242 576 516 702 έξάνθροίπον,
521 585 577 648 καὶ
599 575 787 659 τοιόςδε,
777 571 830 646 ότι
848 579 881 644 ἐκ
904 557 1043 644 τοιοῦδε.
1076 573 1187 644 Ἔστω
1212 579 1251 650 δέ

144 753 146 758 ,
243 705 397 774 συνερχος
413 707 434 761 η
457 682 516 748 τοῦ
538 675 662 757 παντὸς
679 671 775 764 φορά
795 677 1009 795 συγχωροῦσα
1025 676 1062 746 τό
1077 676 1162 748 πολὺ
1181 685 1253 758 τοῖς
1276 765 1281 770 ,

241 787 442 873 γινομένοις·
477 781 625 849 ἔστωσαν
649 783 685 863 δὲ
707 775 790 870 πρὸς
812 778 853 844 τά
878 779 938 844 τοῦ
963 775 1117 924 σώματος
1141 776 1254 846 πολλά

243 887 438 1008 σωματικῶς
455 879 615 965 διδόντες,
652 877 867 972 θερμότητας
890 888 947 948 καὶ
964 876 1082 1003 ψύξεις
1107 888 1165 948 και
1186 905 1252 950 σω-

242 985 355 1112 μάτων
376 982 508 1080 κράσεις
530 978 849 1062 ἐπακολουθοόσας·
870 985 938 1062 πῶς
958 983 1016 1052 66v
1039 982 1090 1051 τά
1096 980 1173 1066 ἤθη
1194 989 1253 1051 καὶ

243 1090 286 1162 τά
306 1085 562 1180 ἐπιτηδεύματα,
596 1093 652 1155 καὶ
675 1083 831 1176 μάλιστα
849 1083 908 1205 οὐχ
935 1079 1001 1155 ὅσα
1022 1091 1115 1155 δοκεῖ
1134 1083 1252 1180 κράσει

244 1190 402 1283 σωμάτων
419 1186 585 1262 δουλεύειν
602 1193 646 1272 ¹,)
669 1186 740 1258 ὁίον
761 1184 990 1318 χραμμάτικός
1014 1215 1065 1269 τις
1093 1195 1151 1257 και
1171 1216 1251 1277 χεο-

243 1293 395 1422 μετρικός
419 1299 475 1364 καὶ
493 1289 699 1382 κυβευτικὸς,
727 1297 784 1360 και
804 1293 906 1360 τῶνδέ
925 1318 976 1372 τις
997 1295 1146 1380 ἑυρέτηςς
1178 1297 1251 1360 Πο-

243 1402 346 1529 νηρία
368 1402 404 1467 δὲ
390 1395 538 1480 έῆθους
558 1392 652 1487 παρά
671 1391 801 1463 θεῶν”
781 1419 884 1464 οντων
911 1396 939 1477 9)
969 1398 1038 1475 πῶς
1062 1392 1104 1464 ἂν
1128 1395 1250 1477 δοθείη

245 1510 301 1572 καὶ
327 1493 450 1581 όλως“
441 1495 507 1568 όσα
530 1500 681 1619 λέχονται
712 1492 842 1567 διδόναι
865 1497 968 1580 κακοὶ,
1002 1494 1200 1588 κακούμενοι
1221 1501 1250 1582 9)

245 1599 298 1674 ότι
318 1601 474 1686 δύνουσι,
495 1607 552 1670 καί
577 1593 630 1670 ὅτι
650 1596 716 1669 ὑπὸ
735 1603 797 1721 γῆν
817 1606 977 1722 φέρονται
1003 1595 1105 1694 ὥςπερ
1128 1595 1251 1724 διάφρ-

245 1705 305 1839 ρόν
329 1732 362 1776 τι
382 1699 641 1798 παρασχόντων,
662 1706 692 1771 ἐι
712 1702 796 1797 πρὸς
819 1701 908 1830 ἡμεῖς
932 1699 1075 1788 δόνοιεν,
1094 1701 1165 1774 ἀλλ’
1190 1703 1250 1774 σόν

245 1811 296 1882 ἀεὶ
318 1815 368 1882 ἐπὶ
387 1810 534 1906 σφαίρας
556 1805 712 1902 οὐρανίας
729 1811 917 1903 φερομένων
936 1835 993 1876 και
1008 1806 1092 1901 πρὸς
1113 1804 1173 1891 τὴν
1189 1811 1251 1896 χῆν

246 1915 305 2000 τὴν
335 1911 438 1997 ἆυτὴν
470 1911 608 2003 ἐχόντων
640 1914 768 2006 σχάσας
807 1907 890 1978 Οὐδὲ
921 1907 1097 1981 λεκτέον(
1075 1938 1119 1991 ως
1149 1910 1250 1991 ἄλλος

247 2017 349 2087 ἄλλον
374 2015 451 2086 ἰδὼν
478 2018 543 2086 τείν
571 2016 663 2084 θεῶν
691 2009 760 2082 κατ’
784 2009 887 2135 όίλλην
911 2022 967 2084 καὶ
998 2011 1101 2098 ἄλλην
1133 2011 1250 2084 στάσιν

244 2123 374 2246 χείρων
385 2116 407 2202 6
436 2119 589 2213 κρείττων
615 2117 754 2204 γίνεται,
790 2108 833 2196 ὥς
863 2142 898 2184 τε
931 2119 1166 2198 εὐπαθοῦντας
1191 2125 1251 2208 μὲν

246 2219 334 2312 ἡμᾶς
357 2224 393 2291 έῦ
411 2227 533 2303 ποιεῖν,
554 2220 748 2306 κακοῦνδέ,
770 2245 799 2287 ει
817 2215 996 2304 τάναντία,
1016 2217 1103 2291 ἀλλὰ
1122 2223 1251 2312 μᾶλλον

248 2321 291 2406 τίς
315 2327 451 2420 φέρεται
475 2330 535 2413 μὲν
559 2325 666 2391 ταῦτα
691 2324 741 2391 ἐπὶ
770 2324 915 2416 σωτηρία
935 2326 998 2393 τόν
1020 2316 1121 2405 ίίλοω,
1131 2329 1251 2420 παρέ-

245 2454 339 2520 χεται
369 2431 406 2496 δὲ
434 2433 490 2496 και
517 2423 668 2514 άλληνχ
644 2425 756 2612 χρείαν
782 2422 842 2509 τὴν
868 2429 928 2496 τοῦ
956 2429 1002 2508 εἰς
1028 2423 1115 2496 άυτά
1144 2421 1251 2521 ίίςιιερ

247 2526 428 2626 γράμματα
447 2521 697 2616 βλέποντας),
730 2525 808 2608 τοὺς
830 2526 890 2614 τὴν
913 2526 1069 2614 τοιαύτην
1091 2555 1251 2620 γραμμα-

249 2632 342 2719 τικὴν
369 2629 499 2715 εἰδότας
520 2627 753 2720 άνοιχινοίσκειν
779 2630 823 2700 τό
841 2636 1006 2721 μέλλοντα
1027 2636 1061 2702 ἐκ
1084 2634 1148 2701 τῶν
1172 2657 1252 2724 σχη-

249 2734 362 2828 μάτων
379 2733 466 2806 κοιτίι
485 2733 524 2805 τὸ
542 2730 707 2823 ἀνάλογον
729 2731 978 2826 μεθοδεύοντάς
996 2733 1037 2806 τό
1054 2733 1251 2827 σημαινόμε·

251 2865 319 2922 νον,
336 2833 437 2934 ὥςπερ
455 2840 482 2909 έί
494 2865 544 2920 τις
559 2843 650 2926 λέχει
666 2840 711 2922 ⁵),
733 2835 841 2923 ἐπειδὴ
858 2836 989 2975 ὑψηλός
1007 2837 1111 2933 ὄρνις,
1133 2839 1252 2931 σημαί·

250 2968 300 3014 νει
319 2938 453 3037 ὑψηλάς
475 2967 567 3026 τινας
587 2937 730 3037 πράξεις.

314 3147 446 3223 Λοιπὸν
469 3153 505 3219 δὲ
527 3146 606 3220 ιδεῖν
626 3148 686 3234 τὴν
707 3153 944 3230 έπιπλέκουσαν
972 3149 998 3233 ¹)
1028 3156 1084 3219 και
1102 3145 1176 3219 όῖον
1196 3173 1252 3220 σο

252 3254 424 3349 νείρονσαν
451 3249 606 3336 ἀλλήλοις
637 3248 746 3323 πάντα
778 3258 833 3322 καί
864 3249 903 3320 τὸ
934 3254 1001 3333 πῶς
1028 3247 1099 3378 ἀφ’
1113 3251 1253 3376 έιωίστου

235 3352 524 3453 ,ἐπιφέρουσαν
503 3357 608 3450 αρχὴν
637 3360 814 3476 τιθεμένην
847 3357 944 3446 μίαν,
986 3352 1043 3451 ἀφ
1077 3341 1117 3439 ἧς
1144 3351 1252 3427 πάντα

253 3459 340 3530 κατὰ
363 3457 483 3548 λόγους
513 3457 753 3551 σπερματικοὺς
776 3458 808 3544 9)
828 3461 1024 3552 περαίνεται.
1070 3456 1167 3527 Ἔστι
1192 3466 1254 3548 μέν

254 3560 314 3632 όῦν
334 3569 390 3630 καὶ
417 3558 545 3647 άάτη“
527 3591 547 3647 η
576 3558 657 3645 δόξα
682 3559 777 3657 ε’χχός
808 3564 927 3646 ἐκείνης
957 3560 1017 3645 τὴν
1049 3563 1159 3631 πᾶσαν
1197 3567 1253 3629 καὶ

254 3669 364 3755 σχέσιν
383 3667 411 3748 ⁵)
439 3673 495 3734 καί
522 3668 647 3749 κίνησιν
673 3661 833 3758 ἡμετέραν
856 3691 891 3734 τε
919 3671 974 3733 καὶ
1001 3666 1112 3734 πᾶσαν
1139 3661 1174 3732 ἐκ
1195 3665 1254 3748 τῆς

253 3769 318 3836 τῶν
346 3759 430 3836 ὅλων
448 3771 558 3864 ψυχῆς
574 3761 663 3852 ἥκειν
679 3765 845 3857 λεχοόσης.
882 3763 932 3846 'Ec
955 3773 1010 3837 καὶ
1030 3763 1187 3856 βούλεταί
1205 3793 1253 3848 τις

254 3867 332 3961 ἡμῖν
345 3878 400 3944 καὶ
411 3867 561 3952 ἑκάστοις
575 3874 779 3965 χαρίζεσθαι
795 3873 841 3952 ἐις
854 3866 894 3940 τὸ
904 3866 980 3962 παρ’
994 3865 1087 3978 ἡμῶν
1095 3875 1200 3942 ποιεῖν
1209 3895 1251 3952 τι,
