2748 4514
1128 333 1185 396 llt

182 507 323 558 coactam
347 513 415 558 esse
436 493 518 558 inter
542 515 650 559 cursus
672 497 928 564 circumstantes:
950 523 1015 568 nou
1035 503 1106 566 lore
1129 515 1184 567 au-

181 609 244 660 tern
264 597 349 660 inter
372 618 479 661 causas
502 599 737 662 circumstantes
760 601 805 676 ei,
844 602 898 686 qni
926 625 989 668 non
1018 607 1186 668 secundum

181 700 285 784 legem
313 711 400 784 agat.
446 699 510 780 Qui
531 721 610 764 vero
632 701 722 764 istam
743 704 859 767 habent
881 727 1022 783 causam,
1062 721 1096 770 ut
1123 731 1187 772 uon

70 801 74 808 “
181 806 350 866 secundum
366 803 469 886 legem
485 815 596 887 agant,
622 804 748 868 evidens
777 819 824 868 cst
844 806 1000 874 immerito
1023 831 1079 873 eos
1103 812 1185 874 vitu-

181 905 299 986 perari.
344 904 519 984 Quomodo
542 905 622 968 eninr
654 906 686 969 id
707 919 883 986 merentur,
919 933 988 972 cum
1010 911 1091 975 inter
1113 936 1187 976 catr-

179 1029 229 1070 sas
262 1007 445 1070 necessario
478 1008 730 1094 circumstantes,
755 1057 758 1062 ·
781 1033 858 1094 quas
895 1013 1051 1094 appetitus
1087 1017 1186 1080 motio

179 1119 243 1174 dou
265 1123 396 1191 poterat
416 1131 481 1173 non
504 1109 609 1193 semri,
640 1133 704 1175 non
725 1115 822 1176 fucrit
843 1113 923 1198 legis
946 1115 1108 1180 efficientia
1129 1139 1187 1199 per

180 1213 396 1276 necessitatem
420 1216 574 1296 quandam
603 1215 761 1278 etfatum
791 1218 898 1280 adesse
925 1218 1109 1299 prohibita?
1145 1223 1188 1283 Et
1285 1231 1289 1239 ’

179 1317 227 1378 sic
248 1315 319 1391 lex,
345 1315 437 1380 etiam
459 1316 487 1378 si
508 1315 570 1378 sint
592 1317 646 1399 qui
667 1338 735 1380 eam
757 1323 913 1396 condant,
952 1321 1006 1384 lex
1026 1343 1090 1384 non
1113 1321 1184 1398 erit,

180 1419 209 1481 si
231 1418 393 1482 dicendum
416 1417 470 1502 qui
491 1419 595 1505 legem
617 1433 806 1503 sequuntur,
830 1444 943 1505 parere
965 1423 994 1487 ei
1008 1423 1186 1488 necessario

182 1521 289 1606 etqui
310 1544 374 1585 non
396 1535 530 1604 parent,
565 1543 605 1586 ne
633 1537 762 1605 pareant
790 1525 974 1588 necessitate
1004 1527 1107 1609 aliqua
1128 1527 1186 1589 im·

181 1625 294 1708 pediri.
339 1625 453 1708 Itaque
476 1626 575 1689 multo
598 1625 705 1691 verior
728 1627 787 1690 erit
802 1628 853 1691 illa
869 1629 1029 1692 collectio.
1065 1623 1107 1691 'Si
1123 1630 1184 1692 tale

180 1741 226 1792 est
247 1730 385 1803 Fatum,
418 1729 479 1792 iam
513 1729 595 1791 nulla
626 1741 673 1790 est
690 1731 773 1807 lox,
811 1731 935 1794 sublata
963 1743 1064 1796 autem
1093 1733 1181 1814 lege,

181 1843 210 1894 et
232 1831 326 1896 simul
347 1831 466 1896 delictis
488 1843 637 1914 recteque
660 1833 754 1906 actis,
788 1854 850 1896 ima
871 1833 1017 1907 tolletur,
1055 1833 1103 1912 (ut
1124 1833 1185 1914 ipsi

179 1946 306 1997 sumunt
327 1955 368 1996 ex
390 1935 422 1998 vi
444 1935 574 1997 rationis
604 1955 673 1996 esse
697 1937 911 2017 consequens)
945 1935 1044 1998 virtus
1075 1947 1106 1997 et
1136 1935 1187 1997 vi-

180 2037 256 2100 tium
290 2047 322 2098 et
353 2057 421 2099 esse
449 2037 565 2119 aliquid
599 2037 776 2102 horninibus
805 2039 972 2102 honestum
1000 2059 1037 2099 ac
1069 2050 1182 2118 turpe,

180 2137 334 2202 laudabile
362 2151 394 2201 et
425 2139 648 2222 vituperabile,
688 2153 720 2204 et
751 2140 893 2221 praemio
922 2151 976 2202 aut
1004 2161 1109 2221 poena
1138 2141 1183 2204 di-

182 2263 291 2322 gnum.
360 2241 448 2306 Nihil
486 2263 566 2326 ergo
601 2242 661 2305 illis
701 2243 837 2306 mauebit
875 2243 1052 2306 consectum
1089 2265 1184 2326 argu-

182 2343 370 2408 mentatione
407 2367 448 2407 ex
484 2346 560 2407 tanti
599 2335 727 2407 artificii
762 2343 1063 2428 interrogationibus
1107 2367 1184 2408 oon-

180 2447 311 2510 struct'a.
376 2449 474 2528 Quod
502 2449 529 2512 si
556 2451 595 2510 ab
624 2449 731 2512 infimo
757 2449 931 2528 inceperis,
978 2459 1098 2530 promet
1127 2467 1183 2508 eos

181 2571 218 2612 ea
253 2551 494 2635 consequentia,
543 2572 605 2634 qua
636 2551 736 2632 premi
772 2550 856 2612 aiunt
891 2571 969 2625 eos,
1019 2549 1089 2632 qui.
1104 2571 1182 2630 pro-

179 2655 255 2714 bare
287 2665 443 2718 conantur
475 2657 513 2716 ab
552 2653 627 2736 ipsis
664 2654 733 2718 tolli
768 2654 800 2716 id
845 2655 931 2736 quod
967 2665 1013 2714 est
1057 2653 1106 2716 in.
1124 2674 1182 2714 no-

178 2765 244 2816 stra
275 2767 445 2837 potestate.
509 2757 592 2820 Nam
625 2778 696 2818 cum
728 2769 837 2837 aperte
869 2756 902 2836 id
934 2756 1095 2820 fatendum
1135 2755 1181 2818 di·

179 2868 271 2934 cant,
317 2859 397 2924 alios
430 2871 576 2922 accusent
614 2861 700 2940 quod
738 2858 814 2921 illud
853 2859 985 2934 tollant,
1039 2879 1101 2922 non
1134 2855 1181 2920 in-

176 2960 270 3024 terim
302 2961 408 3026 vident
451 2984 484 3023 se
526 2983 565 3026 eo
600 2963 672 3043 ipso
718 2961 818 3025 teneri
852 2963 938 3043 quod
975 2961 1115 3045 effugere
1149 2981 1182 3024 se

178 3063 368 3128 existimant.
427 3066 509 3127 Nam
541 3066 568 3128 si
595 3087 659 3130 uon
692 3077 763 3127 simt
794 3064 932 3145 praemia
959 3085 1017 3128 nec
1039 3083 1178 3146 poenae,
1197 3047 1211 3056 “

173 3189 237 3230 nec
258 3167 450 3230 laudationes
473 3166 596 3250 qiridem
619 3181 689 3229 sunt
718 3180 748 3230 et
776 3167 1039 3249 vituperationes.
1085 3165 1182 3243 Quod

178 3269 207 3332 si
228 3268 288 3334 ista
315 3291 377 3332 non
407 3281 479 3332 sunt
510 3291 569 3334 uec
600 3282 727 3352 peccata
759 3283 848 3346 eunt,
887 3291 945 3332 nec
971 3255 1059 3330 'recte
1092 3278 1180 3330 actu:

179 3371 279 3464 Quod
301 3371 404 3438 si.ista
427 3395 491 3436 uon
513 3373 600 3450 su'nt,
632 3395 695 3438 nec
717 3372 815 3437 virtus
838 3394 896 3434 uec
919 3369 1040 3436 vitium.
1086 3369 1182 3449 Quod

178 3477 205 3538 si
226 3476 286 3540 ista
307 3497 371 3538 non
406 3488 495 3550 sunt,
534 3475 638 3538 dicunt
671 3475 730 3556 ipsi
758 3497 797 3538 ne
825 3475 912 3538 Deos
947 3471 1070 3556 quidem
1100 3459 1180 3536 esse.

182 3581 226 3642 At
247 3579 324 3642 illud
345 3577 480 3660 priunum
502 3577 585 3640 nulla
611 3599 678 3640 esse
705 3577 842 3658 praemia
872 3576 1032 3662 nullasque
1062 3597 1180 3658 poenas

178 3683 321 3765 sequitur
349 3703 391 3744 ex
425 3699 463 3744 eo
497 3683 582 3764 quod
610 3693 721 3745 cuncta
743 3681 823 3744 Fato
852 3679 921 3740 fieri
947 3676 1109 3753 dicantur,
1147 3690 1181 3740 ut

177 3787 428 3850 demonstratum
461 3795 518 3848 est.
584 3784 690 3866 Quare
726 3784 802 3848 illud
838 3781 979 3848 ultimum
1016 3784 1179 3848 ut-slrso·
