2790 4512
1013 329 1042 380 ,ι
1086 295 1148 364 rso

142 459 238 524 multa
264 453 359 522 etiam
386 465 514 540 praeter
534 457 669 524 Paream
700 456 773 524 lieri
800 471 831 524 et
859 449 987 546 praeter
1009 465 1140 544 Fatum,

143 574 177 626 nt
198 560 315 626 alieubi
335 562 435 645 potita
457 562 594 628 ostendit
613 561 757 647 inquiens

215 724 286 778 Nou
302 729 422 793 praeter
439 721 543 776 Fatum
562 721 696 778 tenebras
711 724 878 794 penetrabis
896 729 1015 787 Averni.

144 959 234 1022 Haeo
253 958 337 1021 enim
360 945 469 1039 opinio
492 953 616 1019 vatibus
637 955 773 1034 lavabit,
812 958 845 1022 in
874 959 987 1043 quilius
1017 965 1145 1046 praedi.
1197 955 1199 960 ’
1273 980 1280 987 ·

144 1072 217 1126 eunt
237 1083 302 1126 non
325 1059 430 1126 omnia
451 1079 485 1122 se
507 1057 644 1143 assequi.
702 1059 799 1140 Quod
826 1061 854 1126 si
881 1085 946 1126 non
966 1065 1049 1130 hane
1072 1069 1144 1151 opi-

133 1164 270 1230 ·nionem
296 1163 439 1228 homine's
469 1165 508 1225 de
529 1163 612 1226 Fato
641 1163 760 1227 habere
789 1165 965 1252 contingit,
1003 1191 1069 1234 non
1096 1183 1145 1235 est

143 1267 271 1332 mirum.
321 1266 496 1330 Multitudo
529 1265 609 1329 enim
644 1264 677 1327 in
708 1267 869 1331 nominum
897 1270 1141 1337 formationibus

144 1369 270 1453 quidem
289 1391 353 1433 non
373 1370 453 1432 male
475 1389 527 1432 res
555 1367 750 1452 assequitur,
790 1369 822 1433 in
850 1372 1033 1454 particulari
1063 1399 1142 1442 vero

145 1485 177 1537 et
206 1473 239 1537 in
271 1473 446 1536 deliniendo
480 1483 512 1536 et
543 1473 683 1536 exactius
716 1473 922 1540 examinando
954 1477 1144 1563 plerumque

145 1587 231 1641 errat
258 1598 296 1640 ae
322 1575 452 1639 labitur.
503 1574 587 1638 Illud
608 1576 690 1638 enim
716 1589 867 1655 natiuae,
904 1580 969 1643 hoe
996 1581 1144 1646 scientiae

144 1701 223 1764 opus
245 1691 307 1743 est.
349 1680 419 1742 Iam
439 1699 519 1742 vero
542 1680 580 1741 de
602 1677 728 1741 nomine
750 1679 822 1742 Fati
842 1679 1033 1746 Aristoteles
1056 1707 1144 1748 men-

142 1775 262 1847 tionem
281 1781 357 1845 sacit
376 1779 409 1844 in
429 1778 536 1863 primo
557 1781 781 1844 Meteorornm
802 1783 866 1846 hoe
886 1787 1001 1848 modo:
1054 1788 1142 1860 „Sed

142 1885 305 1962 „omnium
338 1885 452 1947 borum
484 1905 578 1947 causa
598 1885 751 1946 censenda
780 1895 848 1961 est,
886 1886 960 1969 quia
983 1887 1063 1951 fiunt
1084 1912 1144 1971 per

142 2001 311 2072 „tempora
335 1987 402 2052 sato
425 1990 551 2052 decreta
572 2009 609 2050 ao
630 1999 735 2063 certa,
773 1987 860 2051 velut
886 1987 919 2051 in
947 1992 1141 2072 tempestati-

142 2095 222 2168 „bus
255 2089 328 2155 anni
362 2092 490 2167 biems‚,
525 2101 557 2153 et
586 2090 619 2154 in
651 2089 770 2178 ambitu
804 2101 985 2173 temporum
1021 2075 1141 2159 maiore

142 2218 278 2280 „magna
304 2193 439 2258 hiems.”
497 2193 634 2256 Videtur
661 2205 764 2255 autem
786 2193 891 2258 dicere
914 2195 1028 2260 Fatum
1049 2210 1141 2261 natu-

141 2321 210 2362 ram
238 2320 321 2374 esse,
358 2298 438 2359 haee
466 2295 549 2360 enim
576 2307 648 2358 sunt
673 2307 819 2378 tempora
846 2297 928 2361 Fato
958 2301 1084 2364 decreta
1105 2323 1142 2365 ae

142 2413 278 2478 statiua,
313 2399 412 2463 hiems
446 2410 478 2462 et
509 2398 649 2482 reliqua,
689 2420 768 2480 quae
797 2400 955 2462 naturales
985 2424 1055 2465 oum
1084 2405 1142 2466 ha-

141 2507 236 2570 be'ant
266 2503 473 2578 mutationes,
519 2523 583 2565 non
615 2502 732 2564 habent
762 2501 847 2582 ipsas
879 2501 1074 2567 inevitabiles
1109 2518 1141 2569 et

142 2620 282 2672 coactas.
327 2604 526 2688 Quinetiam
552 2604 585 2667 in
614 2604 724 2687 quinto
747 2604 907 2666 Naturalis
937 2607 1140 2670 auscultatio-

140 2711 190 2774 nis
217 2711 261 2774 ita
291 2689 417 2773 rursum
431 2707 582 2776 *meminit
615 2710 654 2770 de
683 2708 786 2770 Fatot
831 2708 940 2781 „Num
970 2728 1009 2770 ne
1041 2708 1139 2793 igitur

143 2813 256 2890 „etiam
292 2810 511 2898 generationes
548 2809 704 2873 violentae
740 2821 812 2872 sunt
844 2822 876 2873 et
907 2827 973 2872 non
1005 2823 1139 2876 statutae

142 2918 268 2993 „Fato‚
306 2915 427 3000 quibus
451 2899 628 2978 contrariae
656 2924 729 2976 sunt
756 2910 967 2976 naturales?”
1010 2916 1054 2977 Et
1082 2915 1141 2978 ite-

141 3042 210 3084 rum
230 3021 330 3104 liquet
349 3040 419 3082 eum
442 3016 515 3079 Fati
534 3015 660 3080 nomine
680 3015 713 3078 in
734 3018 828 3078 rebus
852 3037 932 3100 quae
954 3019 1139 3080 naturaliter

140 3124 235 3200 liunt,
283 3121 341 3185 uti.
408 3119 443 3183 Si
478 3118 559 3182 enim
593 3119 640 3182 rei
668 3120 750 3182 Fato
786 3131 851 3182 no'n
888 3122 1031 3182 decretae
1066 3119 1140 3181 dicit

141 3223 333 3290 contrarium
365 3243 435 3286 esse
462 3221 495 3285 id
523 3224 611 3305 quod
638 3223 806 3284 seeundum
828 3233 969 3285 naturam
992 3232 1058 3296 est,
1096 3221 1141 3284 illi

141 3349 222 3392 vero
245 3327 332 3408 quod
359 3337 406 3388 est
427 3327 596 3389 secumdum
617 3325 731 3398 Fatum
751 3324 784 3387 id
805 3326 892 3407 quod
918 3343 982 3385 nou
1012 3333 1059 3385 est
1089 3345 1139 3386 se-

140 3432 277 3496 cundum
309 3428 421 3491 Fatum
453 3427 644 3492 eontrarium
682 3439 746 3501 est3
789 3446 870 3510 ergo
903 3424 985 3487 idem
1015 3426 1073 3488 erit
1105 3426 1137 3489 id

141 3535 228 3622 quod
248 3533 417 3596 seeundum
438 3541 582 3594 naturum
604 3541 653 3592 est
674 3551 744 3592 erun
766 3548 805 3591 eo
834 3529 920 3610 quod
949 3540 996 3590 est
1023 3551 1137 3592 secun-

141 3639 213 3700 dum
240 3637 366 3700 Fatum.
424 3633 499 3696 Non
534 3631 615 3696 enirn
645 3630 797 3713 possibile
828 3642 874 3692 est
903 3641 937 3692 ut
969 3630 1022 3694 uni
1051 3637 1137 3716 quod

140 3753 272 3805 estnon
297 3737 465 3802 secumdum
487 3736 600 3800 Fatum
628 3735 719 3818 plura
747 3733 905 3796 contraria
934 3756 1001 3798 esse
1031 3734 1136 3798 ‹lican-

139 3857 203 3908 tur.
248 3844 292 3908 Et
322 3841 355 3908 it
382 3841 469 3924 quod
497 3840 666 3904 secundum
689 3837 801 3906 Fatum
832 3847 896 3917 est,
936 3849 1044 3922 aperte
1078 3839 1153 3920 ipsi'
