2694 4508
231 311 271 372 38

229 478 328 559 δῆλον
351 475 393 556 ὡς
415 479 448 544 έν
469 471 520 553 δίς
540 470 776 562 βουλευόμεθα
798 475 897 542 πλέον
924 497 957 540 τι
973 473 1101 554 ’ἕξοντες
1122 469 1158 540 έκ
1178 475 1238 545 τοῦ

227 576 456 665 βουλεύεσθαι
476 573 570 668 παρά
590 577 652 644 τοῦ
672 570 899 662 βουλεύεσθαι
913 570 1151 664 βουλευόμεθα
1164 582 1238 667 περὶ

226 665 389 764 άυτῶνθ),
412 677 462 748 ἐπ’·
474 676 557 748 άυτὸ
572 677 612 748 τύ
624 673 853 766 Ιβουλεύεσθαι
863 678 1063 770 περιγίνεται
1084 681 1193 761 πλέον,
1214 676 1238 761 ἢ

226 790 298 876 περὶ
312 785 377 853 τῶν
391 780 499 852 ἄλλων
512 786 762 871 βουλευομένοις
784 784 846 865 ¹⁰),
869 771 913 852 ὧν
933 777 1173 875 προειρήκαμεν
1187 785 1240 868 ¹¹).
1287 785 1289 792 ‘

231 888 272 955 Τί
292 883 362 955 ποτ’
387 883 446 956 ὀύν
466 883 506 954 τὸ
527 879 772 978 περιγινόμενον
793 887 828 954 ἐκ
849 885 908 968 τῆς
928 887 1073 972 βονλῆςς
1095 883 1134 966 τὸ
1148 886 1239 976 &zava
1340 901 1342 968 ἐ

225 1011 286 1069 τας
306 985 394 1077 ἡμᾶς
421 987 481 1073 τὴν
508 989 657 1072 ἐξουσίαν
684 988 742 1071 τῆς
774 983 930 1081 άιρέσεως
955 990 1020 1058 τῶν
1051 993 1240 1081 πρακτέων,

225 1086 326 1162 δούκ
348 1089 390 1161 άν
411 1089 593 1184 ἐπράξαμεν
624 1087 669 1179 μὴ
698 1087 957 1180 βουλευσάμενοι
994 1091 1060 1185 (τῷ
1088 1089 1173 1160 άλλο
1205 1116 1240 1162 τι

223 1195 348 1287 πρᾶξαι
369 1198 415 1278 ¹²)
438 1192 495 1277 ίίν,
519 1192 575 1263 διά
597 1191 636 1263 τύ
652 1193 789 1288 ἐῖξαιτῇ
803 1189 1031 1290 προςπεοούση
1046 1194 1240 1288 φαντασία)
1341 1217 1342 1276 ί

223 1299 331 1366 τοῦτο
354 1290 568 1388 άιρετάτερον
598 1291 665 1362 ύπὸ
697 1289 800 1380 λόγου
833 1302 955 1388 φανέν,
991 1292 1169 1388 άιρεῐσθαί
1205 1321 1241 1368 τε
1341 1299 1342 1342 ³

222 1403 279 1466 καί
299 1393 454 1490 πράττειν
474 1395 540 1489 πρὸ
552 1396 693 1480 ἐκείνου,
727 1390 770 1466 Ὃ
790 1393 902 1482 γίνοιτ’
927 1395 968 1465 ίίν
979 1448 988 1480 ,
1011 1396 1105 1488 εἰμὴ
1126 1396 1241 1468 πάντα

137 1503 144 1528 ‘
221 1495 422 1592 πράττοιμεν
454 1499 784 1586 κατηναγκασμένος·
827 1501 857 1566 ἐι
888 1501 923 1566 δέ
946 1499 1051 1588 έίημεν
1081 1491 1243 1570 πάνταύί

221 1597 408 1691 πράττομεν
430 1597 630 1694 πράττοντες
651 1595 709 1670 διά
728 1625 822 1680 τινας
841 1596 951 1681 άιτίας
964 1605 1244 1695 προκαταβεβλη-

221 1707 339 1791 μένας,
375 1700 419 1784 ὡς
446 1705 607 1794 μηδεμίαν
636 1703 786 1786 έξουσίαν
801 1703 897 1792 .ἕχειν
918 1706 978 1772 τοῦ
1009 1699 1133 1795 πράξαι
1160 1700 1244 1780 τάδε

221 1813 337 1877 τεκαὶ
364 1805 432 1898 μὴ,
472 1805 542 1883 ἀλλ’
574 1804 806 1901 άφοριομένας
834 1809 974 1878 ἕκαστον
1006 1802 1162 1898 πράττειν
1196 1799 1243 1878 ὧν

163 1897 165 1910 ’
221 1906 425 2002 πράττομεν,
447 1912 685 2006 παραπλησίως
707 1912 752 2002 τῷ
773 1911 994 2002 θερμαίνοντι
1015 1915 1095 2002 πυρὶ
1115 1915 1172 1979 καί
1193 1912 1243 2005 τῷ

221 2014 312 2106 λίθῳ
340 2018 598 2109 καταφερομένη
627 2016 687 2094 ¹⁵),
730 2017 787 2081 καί
815 2013 861 2104 τῷ
889 2010 976 2080 κατὰ
1004 2015 1064 2081 τού
1092 2017 1241 2105 πρανοῦς

222 2119 401 2208 κυλιομενφ
416 2119 575 2207 κυλίνδρῳ
598 2107 659 2196 ¹⁴),
683 2115 714 2181 τί
735 2117 834 2182 πλέον
854 2110 932 2201 ἡμῖν
954 2117 1000 2194 ἐις
1021 2112 1060 2182 τὸ
1082 2113 1239 2208 πράττειν

222 2219 257 2284 ἐκ
285 2219 345 2285 τού
373 2213 630 2305 βουλεύσασθαι
658 2221 731 2309 περὶ
759 2220 819 2286 τοῦ
847 2223 1131 2309 πραχθησομέυου
1154 2221 1238 2308 γίνε-
1341 2209 1342 2248 ί

221 2343 296 2404 ταις
333 2314 438 2411 δγύιρ
469 2317 511 2389 ύίν
539 2315 722 2413 ἐπράξαμεν
749 2318 794 2407 μὴ
822 2316 1100 2409 βουλευσάμενοι,
1136 2325 1238 2392 τοῦτο

220 2427 277 2490 καί
302 2421 388 2511 μετὰ
415 2419 454 2489 τὸ
478 2419 738 2509 βουλεύσασθαι
759 2420 914 2514 πράττειν
936 2419 1073 2512 ἀνάγκη.
1121 2417 1187 2506 Ὦς
1208 2421 1234 2492 τ’

221 2522 316 2594 οὐδέν
351 2521 430 2614 ἡμῖν
458 2530 557 2596 πλέον
590 2529 623 2594 ἐκ
658 2528 717 2594 τού
747 2521 1008 2612 βουλεύσασθαι
1038 2523 1142 2598 ἆυτού
1178 2529 1238 2598 τού

219 2632 478 2716 βουλέυσασθαι
507 2631 714 2723 περιγίνεται.
773 2625 880 2696 Ἀλλά
898 2627 965 2718 μὴν
987 2631 1031 2712 ¹⁵)
1059 2632 1238 2701 τοῦτοκαὶ

221 2733 356 2800 ἐπὶτῶν
378 2728 438 2800 ούκ
459 2728 508 2826 ἐφ’
532 2727 610 2820 ἡμῖν
632 2728 808 2820 δυνάμενοι
835 2737 961 2815 ποιεῖν,
1000 2728 1043 2812 ὡς
1069 2732 1236 2827 άχρηστου

218 2831 257 2904 δν
277 2830 539 2924 παραιτούμεθα
561 2829 615 2917 ¹⁶).
660 2833 849 2928 ’'danocov
889 2833 957 2929 άρα
985 2833 1024 2904 τὸ
1052 2833 1235 2924 βονλεύσα-
1304 2885 1306 2890 -

219 2940 331 3019 σθαι,
359 2942 415 3004 καὶ
437 2934 486 3032 ἐφ’
511 2928 555 3007 ὧν
577 2935 667 3032 άυτῷ
690 2933 732 3018 ὡς
754 2964 787 3007 τι
806 2933 970 3032 χρήσιμον
991 2935 1069 3034 ἡμῖν
1090 2963 1249 3033 ιταρεχοᾳΙ

218 3043 304 3133 μένῳ
337 3042 381 3122 ¹⁷)
409 3033 584 3130 χρώμεθα.
636 3036 704 3119 Ὀἷς
735 3042 841 3110 ίίπετο
870 3042 913 3125 ¹⁸)
949 3039 986 3111 τὸ
1015 3037 1124 3131 μάτην
1154 3039 1234 3133 ἡμῖν

188 3145 192 3152 “
218 3139 284 3212 ύπύ
307 3142 365 3226 τῆς
387 3137 518 3238 φύσεως
539 3143 600 3209 τού
620 3145 846 3229 βουλευτικοίς
862 3146 945 3214 έῑναι
960 3140 1136 3216 δεδόσθαι.
1176 3143 1234 3216 Ὡι

220 3248 463 3340 προστεθέντος
495 3246 538 3325 ¹⁹)
567 3247 627 3313 τοῦ
648 3242 762 3326 άυτοῖς
786 3271 822 3332 γε
849 3242 997 3332 τούτοις,
1035 3254 1090 3318 καὶ
1117 3251 1233 3330 κοινῶς

221 3351 304 3418 πάσι
334 3345 450 3439 σχεδὸν
478 3353 548 3428 τοῖς
576 3349 804 3443 φιλοσοφοῦσι
833 3352 1023 3436 δοκοῦντος,
1059 3348 1098 3426 τὸ
1129 3356 1234 3442 μηδὲν

220 3447 366 3535 ὑπὸτῆς
398 3447 528 3546 φάσεως
552 3451 714 3538 Ιγίνεσθαι
739 3447 865 3538 μάτην,
901 3450 1068 3549 άναιρεῖτο
1097 3452 1138 3526 ἶνίν
1165 3453 1234 3539 ²0),

220 3544 375 3647 ᾧέίπετο
404 3579 444 3622 το
471 3551 582 3644 μάτην
609 3555 697 3641 ημᾶς
725 3558 808 3625 έῐναι
834 3554 1074 3643 βουλευτικούς.
1127 3554 1234 3630 Ἑίπε-

221 3682 259 3752 το
282 3661 317 3725 δὲ
340 3659 439 3724 τοῦτο
461 3659 507 3750 τῷ
530 3659 593 3726 τῶν
613 3663 845 3750 πραττομένων
873 3656 927 3753 ὑφ’
958 3656 1048 3748 ἡμῶν
1074 3661 1119 3751 μὴ
1149 3664 1233 3753 ἔχειν

218 3757 306 3850 ἡμᾶς
342 3755 499 3842 τοιαύτην
531 3762 695 3845 ἐξουσίαν,
739 3757 782 3842 ὡς
814 3757 986 3834 δύνασθαι
1018 3763 1061 3836 τά
1092 3763 1232 3838 ἀντικεί-

217 3889 297 3951 μενα
319 3867 374 3946 ²¹).
