2694 4508
39 550 43 559 ’
105 523 285 602 editionis
306 523 471 604 Aldinae
492 525 629 626 prioris
657 524 761 621 (nam
787 524 828 600 in
854 523 1106 601 alteralibri

106 646 156 720 de
171 646 309 738 anima,
324 645 464 744 quibus
482 646 729 722 eontinentur
742 648 835 722 haee
850 646 990 746 capita,
1017 645 1108 718 licet

104 765 147 841 in
186 765 299 840 titulo
338 765 632 864 promittantur,
678 790 757 841 non
782 746 1031 864 comparent)
1065 751 1146 836 in*

106 883 249 984 quibus
282 884 501 960 Alexander
534 911 641 959 suam
680 888 742 961 vel
781 885 906 984 potius
940 881 1106 980 magistri
1175 951 1178 962 .

105 1003 165 1080 sui
190 1003 405 1080 Aristotelis
430 1005 478 1081 de
494 1004 589 1080 Fato
614 1003 840 1081 sententiam
858 1003 1012 1080 brevius
1027 1001 1107 1099 qui·
1136 1007 1138 1012 ’
1184 1067 1185 1071 ,

106 1123 220 1217 dem,
257 1125 327 1200 sed
350 1125 454 1199 haud
474 1127 606 1224 paullo
632 1124 769 1199 clarius
800 1135 837 1198 et
861 1121 1027 1196 lucidius
1049 1143 1108 1196 ex·
1155 1212 1157 1215 ι

106 1244 257 1342 posuit,
282 1270 399 1343 quam
424 1243 466 1320 in
490 1245 635 1319 maiore
656 1245 757 1320 libro
779 1244 826 1318 ad
845 1246 1106 1342 Imperatores.

109 1361 216 1438 Alter
243 1363 377 1440 Codex
407 1390 485 1463 quo
516 1363 573 1438 utl
599 1365 750 1455 licebat,
787 1365 842 1438 est
867 1359 1108 1437 Monacensis

109 1485 171 1558 vel
189 1483 317 1582 potius
342 1483 548 1583 Exemplar
572 1484 762 1558 Editionis
784 1481 948 1556 Aldinae
972 1478 1108 1580 prioris
1190 1526 1192 1530 -
1262 1529 1263 1532 =

107 1600 149 1676 in
178 1601 420 1676 Bibliotheca
451 1602 568 1700 Regia
599 1602 823 1677 Monacensi
857 1615 1107 1688 asservatum,
1224 1650 1227 1659 ν

106 1720 173 1794 oui
205 1721 267 1796 vir
299 1721 433 1794 doetus
467 1721 625 1818 aliquis,
668 1722 748 1796 sive
777 1721 808 1793 is
834 1721 949 1796 fuerit
976 1720 1108 1794 Petrus

108 1839 307 1914 Victorius
324 1839 402 1916 sive
414 1841 499 1939 quis
516 1841 633 1932 alius,
660 1866 748 1916 oum
773 1839 1028 1913 eorreotiones
1045 1837 1109 1908 Al-

109 1958 224 2035 dinae
239 1958 457 2058 poster'ioris
478 1972 561 2034 tum
580 1960 671 2034 alias
695 1960 878 2034 lectiones
900 1957 1004 2030 haud
1021 1980 1109 2030 oon-

108 2078 362 2154 temnendas
349 2105 391 2153 ιιι
412 2077 582 2177 margine
606 2077 814 2179 adscripsit.
854 2075 975 2152 Cuius
997 2072 1110 2149 Codi

109 2199 163 2272 cis
196 2209 372 2298 excerpta
407 2221 559 2272 mecum
599 2196 900 2274 communicavit
923 2192 1111 2270 Xarerius

107 2317 359 2393 Warferus
344 2347 367 2396 o
398 2325 613 2424 μακαρίτης
644 2319 775 2422 panois
808 2327 895 2402 ante
930 2296 1110 2388 omnibus

106 2436 303 2514 literarum
313 2438 586 2518 humaniorum
600 2437 811 2513 cultoribus
826 2433 1110 2509 acerbissimum

107 2581 221 2630 suum
247 2556 399 2632 obitum
424 2557 739 2634 hebdomadibus.
792 2554 892 2628 Cum
919 2551 1021 2627 enim
1043 2571 1112 2648 por

107 2673 235 2748 literas
255 2675 313 2750 illi
330 2675 531 2774 gratissimi
554 2675 671 2752 animi
698 2700 805 2752 sensa
826 2669 1017 2748 testificari
1038 2669 1114 2772 vel-

108 2796 206 2887 lem,
234 2795 334 2870 eheu
359 2797 473 2890 tristis
493 2795 652 2878 nuntius
672 2794 720 2869 ad
742 2817 804 2868 me
827 2793 957 2885 rediit,
984 2789 1113 2864 virum

109 2914 373 2990 doctissimum
395 2928 432 2990 et
456 2913 773 2994 humanissimum
799 2935 820 2988 e
845 2909 943 2994 vivis
969 2907 1113 3003 exiisse,

187 3033 269 3107 Neo
314 3034 442 3116 minus
483 3034 666 3111 iuverunt
707 3056 769 3113 me
811 3032 853 3106 in
894 3026 1114 3102 Alexandro

112 3153 353 3232 emendando
382 3151 550 3232 subsidia
577 3151 674 3252 typis
701 3151 898 3250 impressa,
926 3172 947 3222 e
974 3143 1115 3242 quihus

78 3259 84 3270 ’
110 3269 236 3370 primo
263 3273 351 3346 loeo
369 3271 571 3374 ponendae
598 3283 711 3348 erunt
727 3269 911 3380 editiones
936 3266 1034 3342 duae
1051 3262 1116 3334 Al·

110 3389 237 3483 dinae,
258 3390 380 3489 prima
400 3418 503 3470 auno
525 3389 619 3480 1534
636 3391 755 3465 altera
778 3384 872 3466 1536
883 3410 1018 3460 excusa
1044 3381 1115 3478 (ι),
1105 3435 1121 3475 ,,

1000 3573 1115 3586 nan-¹-

156 3683 204 3760 (l)
227 3681 351 3746 Prioris
374 3683 479 3750 titrdus
504 3695 570 3748 ostz
619 3680 669 3749 Τὰ
691 3681 750 3750 τοῦ
777 3679 951 3766 Θεμιστίου
970 3653 1114 3767 'la'otppci-

114 3784 193 3860 devs
214 3775 356 3864 ἅπαντα,
378 3788 523 3852 τουτέστι
548 3781 765 3874 παράφρασις
787 3789 841 3850 καὶ
863 3777 965 3866 λόγοι.
984 3775 1116 3859 Ἀλεξά-

114 3886 215 3974 νὸρου
246 3881 484 3974 Ἀιρροὸισιέως
519 3894 590 3978 περὶ
622 3892 731 3982 ψυχῆς
762 3889 877 3980 βιβλία
906 3879 964 3958 δύο,
995 3889 1050 3952 καὶ
1081 3875 1117 3952 ἓν
