2748 4514
1068 339 1107 400 67

93 499 281 583 pertinntnr
307 497 368 562 illis
391 498 444 581 qui
465 499 529 562 no'n
552 519 591 562 eo
614 486 714 563 modo
740 515 884 583 peceant.
930 503 1013 568 Vide
1029 529 1111 570 nnnc
1132 580 1136 588 f

62 683 65 690 ¹
92 604 264 688 quomodo
286 600 466 666 hominibus
487 601 675 688 flagitiosis,
711 605 765 686 qui
782 607 864 668 banc
884 609 1068 684 sententiam
1080 631 1125 674 ‚a

87 704 301 789 philosoph‘m
325 705 482 779 hausere,
530 704 682 768 instillent
710 708 852 794 magistri
881 710 1008 788 talium,
1044 693 1109 796 non

93 809 195 873 miuus
209 808 304 890 ipsos
319 805 412 871 venia
429 827 498 870 esse
516 807 630 894 dignos
652 828 746 891 quam
768 830 824 874 eos
843 811 897 894 qui
915 834 979 876 nou
994 826 1110 896 sponte

95 923 246 996 peccam.
292 912 370 976 Non
391 909 473 972 enirn
507 908 552 972 illi
579 909 638 989 (sie
662 903 774 988 aiunt)
798 913 902 996 aliqua
925 927 1056 980 externa
1076 917 1109 982 vi

98 1026 249 1100 cogente,
267 1009 349 1096 qua'e
359 1013 557 1076 tamenforte
569 1013 836 1096 etcaveripotuit‚
845 1017 1107 1108 faciuntquaeia·

96 1117 194 1195 ciunt,
214 1119 273 1180 sed
288 1118 328 1179 ab
341 1115 410 1197 ipsa
421 1135 501 1198 quae
514 1113 596 1178 inter
607 1115 694 1197 ipsos
708 1129 766 1194 est,
783 1129 904 1196 natura,
922 1119 965 1182 ita
976 1133 1010 1183 ut
1018 1123 1109 1186 aliter

92 1240 191 1306 agere
206 1239 274 1282 non
284 1217 457 1300 potuerint,
481 1239 561 1300 qnae
573 1217 671 1303 iffl'tnr
685 1218 762 1302 ipsis
779 1233 827 1285 est
837 1223 988 1304 peccandi
999 1246 1106 1290 causa.

91 1324 195 1404 Qnod
214 1320 243 1385 si
262 1341 321 1384 nec
338 1319 391 1384 alii
407 1319 531 1384 necilli
551 1320 613 1403 ipsi
635 1321 690 1406 qui
711 1324 895 1388 sententiam
915 1325 1006 1390 istam
1027 1348 1105 1409 pos·
1208 1401 1210 1406 ¹

92 1425 218 1502 rident,
262 1423 384 1488 veniam
413 1422 516 1486 daturi
549 1435 621 1488 sunt
652 1423 744 1488 istam
773 1428 927 1492 adserenti
950 1432 1107 1512 *peccandi

93 1549 245 1604 cansam,
268 1537 417 1610 tanquam
436 1524 578 1588 mendaci
602 1537 634 1605 et
649 1527 730 1591 falsa
748 1529 883 1608 dicenti,
907 1533 1106 1596 manifestum

94 1643 142 1694 eet
161 1633 204 1695 ab
226 1629 292 1693 illis
316 1628 394 1712 ipsis
421 1649 487 1705 nou
509 1615 609 1691 minus
631 1651 725 1713 quam
755 1633 795 1692 ab
822 1615 891 1695 aliis
920 1619 1009 1698 credi
1037 1657 1107 1699 esse

95 1733 213 1817 aliquid
235 1732 271 1797 in
292 1743 403 1796 nostra
419 1740 597 1813 potestate,
626 1753 692 1796 non
715 1737 878 1814 quomodo
903 1718 950 1798 illi
968 1738 1033 1800 hoe
1053 1737 1104 1801 lo·

96 1835 212 1920 qnepdi
231 1855 334 1920 genus
355 1833 531 1916 explicant,
562 1832 618 1896 ubi
637 1833 822 1898 indrustriam
847 1856 973 1899 omnem
995 1839 1106 1901 confe-

95 1950 169 2002 rnnt
202 1939 244 2001 ad
272 1938 420 2000 tuendam
448 1934 653 1998 assertionem
685 1949 791 2012 suam,
829 1940 886 2000 sed
907 1940 1000 2022 quale
1027 1941 1105 2004 illud

96 2043 211 2106 debere
250 2037 387 2123 intelligi
416 2027 493 2124 ipsis
518 2037 622 2122 'fache
656 2050 688 2101 et
719 2037 781 2120 ipsi
816 2051 853 2103 et
879 2040 931 2106 alii
961 2043 1105 2127 homiues

94 2153 264 2210 testantur.
309 2142 393 2205 Nam
415 2140 443 2204 si
465 2139 558 2223 plane
583 2143 748 2206 crederent
773 2163 841 2219 rem
866 2143 948 2207 sieut
977 2145 1102 2222 dicunt,
1160 2209 1167 2216 ,

94 2267 129 2310 se
148 2247 288 2321 habere,
326 2242 477 2306 omnibus.
500 2244 702 2326 peccantibus
730 2243 950 2331 ignoscerent,
989 2251 1105 2334 utqui

96 2370 163 2416 non
184 2345 353 2412 habuerint
373 2367 439 2412 nou
459 2345 507 2410 sic
527 2346 640 2432 agendi
660 2346 850 2413 libertatem.

159 2767 246 2831 Esse
266 2763 365 2848 igitur
385 2781 500 2828 revera
517 2759 651 2844 aliquid,
675 2763 763 2844 quod
776 2762 808 2824 in
822 2772 979 2844 potestate
992 2773 1104 2832 nostra

94 2867 264 2932 &eadm
281 2867 344 2942 sit,
367 2885 468 2948 neque
490 2864 533 2928 ob
554 2866 635 2926 hanc
652 2861 829 2926 libertatem
850 2883 902 2926 res
924 2865 990 2928 sine
1013 2887 1106 2929 cansa

95 2973 188 3049 heri,
211 2971 288 3034 ideo
308 2971 396 3052 quod
411 2987 493 3052 quae
517 2965 563 3030 sic
581 2965 678 3042 firmt,
703 2985 813 3030 eorum
834 2988 927 3030 causa
948 2968 989 3036 sit
1006 2970 1105 3050 homo¹

96 3075 183 3158 ipse,
218 3071 471 3156 principiumque
493 3069 606 3154 agendi
631 3090 761 3145 eorum,
800 3091 880 3152 quae
903 3093 921 3133 a
943 3092 977 3135 se
1002 3071 1104 3145 finnt,

94 3177 175 3242 satis
200 3174 401 3240 manifestum
419 3173 539 3238 laeirmt
559 3172 620 3234 iam
640 3172 745 3247 dieta;
775 3173 848 3236 satis
875 3174 966 3236 etiam
987 3171 1021 3234 id
1046 3172 1106 3236 sibi

97 3279 330 3364 persuaderem
349 3275 411 3360 ipsi
434 3275 497 3354 illi,
529 3275 595 3358 qui
608 3286 720 3338 contra
743 3288 897 3352 conantur
922 3273 1048 3350 dicere,
1064 3269 1107 3358 *εἰ
1192 3276 1201 3288 “
1225 3263 1228 3270 ’

94 3404 214 3448 eorum
243 3401 326 3464 quae
354 3391 472 3464 agunt,
510 3379 564 3442 vel
591 3378 744 3440 tantillum
776 3377 822 3440 sic
850 3397 946 3460 agere
972 3377 1105 3454 sustine·¹
1211 3450 1214 3456 Ι

98 3497 188 3562 rent,
223 3496 374 3566 tanquam
398 3503 475 3546 vera
503 3480 658 3554 dicentes;
692 3481 745 3559 (id
772 3492 840 3554 est,
880 3478 906 3540 si
921 3499 1105 3560 persuasum

98 3591 254 3654 haberent
276 3583 354 3650 nihil
372 3606 482 3666 eornm
500 3605 579 3666 quae
602 3585 641 3646 ab
663 3582 817 3665 aliquibus
832 3581 928 3656 fiunt,
951 3583 995 3646 ita
1014 3585 1103 3661 lieri,

95 3705 131 3755 nt
146 3691 244 3756 iidem
259 3689 354 3753 simul
370 3709 435 3755 non
448 3689 482 3752 id
492 3687 605 3772 agendi
625 3697 700 3748 tune
720 3683 886 3747 habuerint
900 3683 1105 3767 libertatem.)

98 3799 180 3862 Nun
198 3793 259 3880 qui
283 3792 317 3854 id
332 3791 394 3880 sihi
406 3790 615 3874 persuaserit,
639 3788 666 3850 is
686 3786 758 3850 fieri
781 3807 845 3850 uon
867 3800 973 3870 potest
994 3801 1029 3852 nt
1050 3791 1107 3854 ali·

97 3921 192 3984 quen
216 3897 349 3978 culpet,
378 3905 413 3961 ut
431 3893 565 3980 aliquem
586 3893 712 3972 landet,
731 3901 781 3976 ut
797 3891 944 3970 hortetur
959 3891 1106 3976 aliquem,
