2790 4512
1079 317 1140 382 sse
1211 319 1227 369 τ
1341 288 1349 298 “

135 505 187 550 res
208 482 375 549 inanimes.
420 482 510 547 Haec
536 479 605 564 ipsa
628 483 720 548 etiam
747 504 817 548 cnm
839 482 898 548 illis
920 497 1063 571 pugnant
1084 487 1138 570 qni

137 587 197 652 stis
216 605 363 670 corpora
386 605 493 650 rernm
511 583 654 648 omnium·
672 607 782 650 causas
803 597 957 650 statuunt.
999 589 1142 654 Possunt

138 711 176 754 ec
199 709 261 757 nos
296 687 471 758 calefacere
505 699 537 752 et
564 687 776 774 refrigerare,
813 691 947 772 perdere
979 689 1071 755 mam
1103 712 1147 756 ea.

139 791 320 876 quaeipsis
346 790 447 854 minus
471 790 606 869 valent,-
633 802 665 854 at
695 792 814 856 nullum
843 813 956 870 corum
987 791 1139 876 opernm,

140 913 220 980 qnae
238 894 341 960 anima
359 903 530 978 operatur,
561 895 602 958 ab
623 893 684 959 illis
701 895 773 973 det,
797 897 853 960 sed
871 896 911 960 ab
933 895 993 960 alia
1012 917 1140 964 necesse

140 1009 187 1064 est
208 997 269 1064 ista
291 1017 385 1088 conse
405 995 574 1083 progredi.

202 1204 355 1290 Anjergo
368 1223 431 1268 nna
443 1203 544 1268 anima
557 1203 738 1268 universum
756 1223 920 1288 permeans
935 1207 1014 1270 hacc
1032 1205 1138 1284 efficit,
1186 1242 1188 1247 ·

140 1329 178 1373 re
195 1307 315 1373 scilicet
335 1327 459 1391 quoque
471 1327 542 1370 cerm
562 1305 731 1391 recipiente
748 1319 870 1373 motum
887 1319 1035 1393 tanquam
1049 1321 1146 1392 parte
1174 1297 1179 1306 ’

141 1430 208 1497 qno
230 1409 314 1474 ducit
337 1408 441 1494 ipsum
458 1420 579 1486 totum,
609 1429 714 1495 aqno
735 1409 854 1475 scilicet
873 1411 1153 1496 raptentrnsscaw
1176 1460 1178 1464 .

140 1535 196 1579 sae
216 1514 441 1597 subsequentes
468 1511 652 1578 necessitate
681 1509 837 1597 moechm,
874 1517 1044 1580 secundum
1066 1537 1144 1582 eart-

139 1637 246 1682 strnm
268 1615 406 1690 fatalem,
421 1616 644 1682 confidentiam
664 1626 758 1701 atquc
783 1637 981 1682 connexum:
1009 1618 1142 1700 perinde

138 1741 175 1784 ae
201 1720 231 1784 si
253 1719 324 1804 qnis
342 1719 444 1796 dicat,
481 1741 553 1783 eum
580 1718 677 1802 stirps
701 1718 848 1783 eradico
874 1730 980 1784 ortum
1001 1721 1138 1798 haheat,

139 1843 210 1888 eant
234 1841 316 1906 qnae
339 1821 410 1886 inde
434 1819 467 1886 in
495 1839 603 1887 omnes
632 1831 739 1905 partes
764 1821 947 1886 diffunditur
978 1821 1147 1906 dispensa-7

140 1925 263 1992 tionem
284 1935 316 1988 et
328 1936 466 1990 muntem
484 1923 715 1990 connexionem
731 1934 764 1988 et
788 1924 945 1988 actionem
965 1936 997 1988 et
1017 1923 1142 2006 passio·

141 2050 212 2094 nem
235 2048 305 2094 esse
326 2026 588 2113 gubernationem
609 2049 702 2092 unam
722 2049 760 2090 ac
777 2027 865 2090 velut
882 2027 997 2092 Fatum
1020 2026 1143 2110 stirpis.

139 2131 186 2196 As
206 2129 344 2215 primum
364 2130 459 2194 nimia
473 2130 527 2194 illo
545 2129 594 2194 vis
615 2129 806 2194 necessitatis
825 2151 862 2194 ac
880 2129 954 2196 Fati
972 2129 1055 2208 talis,
1078 2131 1145 2196 hoe

139 2233 245 2318 ipsum
266 2245 315 2298 est
336 2255 399 2317 qno
420 2233 544 2298 tollitur
565 2233 679 2298 Fatrnn
699 2245 730 2297 et
746 2254 913 2304 ¹carucarum
930 2232 1027 2299 series
1047 2245 1142 2318 atque

139 2358 254 2402 nexus.
299 2335 385 2400 Sicut
411 2337 493 2400 enim
514 2335 570 2399 nbi
590 2347 697 2420 partes
722 2347 891 2402 moventur
910 2339 1081 2400 secundum
1110 2335 1145 2404 id

140 2442 229 2524 qood
242 2437 274 2502 in
289 2439 381 2503 nobis
390 2439 567 2522 principale
574 2451 640 2517 est,
664 2441 816 2505 ahsonm
827 2438 867 2502 sit
882 2439 985 2503 dicere
996 2440 1078 2504 Fato
1089 2460 1143 2506 eas

138 2543 264 2608 moveri
284 2544 374 2622 (Non
400 2541 482 2606 enim
506 2542 591 2606 alind
611 2553 658 2606 cst
679 2543 766 2627 quod
782 2542 955 2608 motionem
976 2541 1139 2626 imprimit,

140 2645 225 2710 atiud
246 2648 333 2729 quod
357 2666 426 2709 eam
449 2644 603 2728 suscipit,
641 2657 673 2710 et
692 2645 768 2708 inde
795 2644 945 2728 impetum
970 2654 1160 2722 mutuatum*

140 2749 198 2812 sed
218 2759 267 2814 est
288 2746 366 2812 illud
387 2747 524 2832 primum
551 2751 634 2814 unde
654 2759 803 2813 movetur
824 2748 919 2827 crus)
947 2745 1017 2831 pari
1045 2749 1143 2814 modo

140 2851 174 2914 in
191 2849 360 2929 universo,
390 2850 419 2914 si
441 2871 537 2914 unum
558 2851 619 2916 erit
639 2851 839 2927 nniversam,
871 2861 903 2914 et
919 2871 1016 2936 agens
1033 2862 1066 2916 et
1086 2873 1145 2934 pa·

141 2953 222 3018 tiens
243 2965 275 3018 et
291 2975 356 3018 non
382 2954 467 3032 tale,
490 2966 525 3017 nt
543 2953 628 3018 aliud
649 2956 689 3016 ab
708 2952 770 3018 alio
789 2953 830 3017 sit
855 2974 1041 3037 percenses
1061 2975 1158 3038 qnae·

142 3057 286 3123 diseat
313 3055 380 3120 eliis
402 3059 605 3122 reducantur.
663 3057 732 3120 Iatn
760 3077 871 3120 verum
901 3078 966 3122 non
994 3057 1055 3120 erit
1085 3078 1159 3146 per!

142 3179 252 3224 musas
273 3158 378 3224 omnia
395 3159 488 3224 ficri:
522 3180 624 3243 neque
646 3181 705 3226 nos
728 3159 844 3224 erimus
863 3181 942 3238 nos,
965 3179 1066 3244 neque
1085 3159 1166 3224 oli·v

142 3263 232 3346 quod
262 3281 342 3344 opus
373 3273 536 3340 nostrum,
576 3283 679 3347 neque
708 3283 767 3328 nos
800 3262 1046 3338 raticionamur,
1087 3266 1145 3328 sed

141 3349 255 3430 noetrn
283 3365 424 3430 consulta
453 3365 580 3434 alterins
607 3364 919 3442 currentissimos,
957 3385 1060 3448 neque
1082 3386 1144 3436 nos

142 3466 288 3554 agimm,
311 3485 376 3532 non
397 3466 496 3553 magis
515 3489 608 3553 qnam
629 3471 726 3552 pedes
745 3468 926 3543 calcidam,
950 3489 1023 3532 cum
1037 3489 1096 3532 nos
1112 3469 1144 3534 id

143 3569 274 3636 nsimus
289 3590 349 3652 per
361 3581 468 3652 partes
479 3571 594 3636 nostri.
628 3568 730 3656 Atqui
748 3581 879 3654 oportet
895 3574 1143 3656 unumquodque

129 3692 212 3738 csse
226 3675 475 3758 unumquodque
489 3686 521 3738 et
537 3673 676 3740 annones
688 3679 756 3738 e'ssc
770 3684 907 3752 nostras,
932 3673 1142 3760 cogitationes

142 3795 210 3842 este
231 3788 376 3854 nostras,
403 3776 601 3862 mediusque
615 3777 755 3842 conones
769 3775 870 3842 bonas
889 3797 927 3842 ac
939 3777 1050 3842 foedas
1072 3797 1143 3844 esse
1261 3815 1264 3824 ·

138 3877 250 3964 ipsios,
268 3879 538 3954 etnonuniverso
550 3880 647 3948 tribui
657 3900 763 3950 rerunt
773 3877 1140 3964 turpiunettectionen.
