2790 4512
1085 335 1144 398 idi

561 502 566 515 '
609 501 695 564 111.·v

206 600 417 688 Corporibus
443 599 549 687 itaque
575 604 681 670 omniu
707 603 846 669 tribune
861 605 942 671 sive
966 607 1144 672 insecabili·

141 701 225 787 tm,
263 707 335 771 sive
356 703 417 769 dlis
442 726 523 790 quae
544 708 695 772 elementa
716 708 882 786 dicuntur,
920 723 952 773 et
973 733 1013 774 ex
1034 731 1144 776 corum

143 809 325 875 inordinato
342 807 440 874 incito
464 809 606 874 ordinem
632 822 663 873 et
679 811 833 875 rationem
851 823 883 876 et
899 813 1030 878 animem
1050 835 1144 896 prae·

141 914 295 979 sidentem
318 916 491 990 deducere,
515 926 683 998 utrumque
701 936 775 986 sane
797 926 829 978 et
851 918 1019 980 absurdum
1043 928 1091 981 est
1114 930 1146 980 et

143 1017 214 1082 {ieri
230 1015 356 1102 nequit.
399 1017 497 1098 Quod
514 1017 541 1080 si
554 1017 596 1081 ite
618 1019 690 1088 licet
702 1019 821 1103 loqui,-
834 1019 934 1082 minus
950 1030 1056 1102 potest
1074 1042 1143 1083 csse

142 1132 180 1188 ot
199 1143 243 1185 ex
269 1119 491 1184 insecabilibus
512 1121 710 1204 corpusculis
741 1134 854 1186 cunae
876 1123 1045 1188 exsistant:
1083 1146 1144 1207 que

143 1227 184 1288 de
202 1245 240 1288 re
262 1223 426 1288 verissima
449 1224 530 1288 dicte
554 1237 627 1288 sunt
651 1225 738 1290 alibi.
797 1227 894 1308 Quod
921 1227 947 1291 si
971 1227 1041 1312 quis
1065 1227 1144 1292 tales

144 1327 412 1403 statueramus,
436 1348 476 1391 ne
495 1327 543 1391 sic
563 1329 688 1411 qmdem
707 1341 835 1394 necesse
857 1331 918 1395 en‘t
933 1341 1071 1394 statuere
1092 1343 1145 1394 aut

145 1452 256 1495 rerum
276 1431 414 1494 omnium
435 1430 668 1510 necessitatem,
704 1432 926 1517 antoniusque
952 1434 1076 1518 generis
1096 1433 1145 1497 fa·
1216 1517 1218 1523 ι

143 1545 227 1598 tum.
270 1533 391 1600 Demus
427 1534 508 1599 enim
540 1557 607 1600 esse
636 1538 827 1618 corpuscula
853 1537 1066 1616 insecabilia„
1091 1537 1145 1602 ille

143 1637 247 1724 igitur
265 1639 409 1702 ferentur
429 1638 489 1702 elie
511 1641 675 1714 deorsum3
698 1643 864 1722 (ponemus
885 1640 967 1703 enim
994 1663 1063 1705 esse
1087 1641 1145 1706 elie

144 1742 222 1826 quid
240 1741 304 1806 elio
321 1742 466 1823 inferius)
492 1743 551 1810 elia
573 1763 615 1805 ex
630 1755 832 1820 transverso,
856 1755 955 1827 prout
980 1767 1070 1808 ossus
1094 1756 1146 1808 tu·

144 1845 242 1921 levit,
280 1844 341 1907 alia
368 1845 535 1912 aliorsum:
571 1867 637 1910 non
664 1858 767 1910 eutem
794 1859 882 1910 certa
907 1848 1047 1912 motione
1073 1847 1146 1930 quia

145 1947 253 2012 nullus
270 1949 372 2012 adhuc
392 1950 451 2014 erit
470 1953 566 2014 ordo.
610 1951 656 2014 At
670 1953 758 2036 quod
771 1949 817 2014 sic
834 1961 940 2013 ortum
958 1961 1022 2026 est,
1047 1969 1145 2034 quien·

144 2053 188 2116 do
218 2061 325 2116 ortum
354 2063 418 2129 est,
454 2053 578 2117 seretur
602 2053 741 2118 motione
759 2065 868 2125 ,centu
926 2054 1022 2118 Nulla
1048 2052 1147 2138 igitur

144 2154 207 2218 etit
227 2147 430 2237 praedictos
459 2157 544 2220 nulla
575 2156 778 2235 vaticinatio,
815 2179 891 2222 non
918 2157 973 2222 illa
992 2179 1034 2221 ex
1063 2168 1146 2220 erte.

145 2259 335 2338 (Quomodo
355 2259 436 2324 enim
458 2281 509 2322 ers
531 2261 616 2325 circe
640 2261 760 2326 ordinis
782 2261 939 2345 expertia)
959 2283 1024 2328 non
1047 2262 1147 2325 altere
1233 2244 1235 2252 ’

144 2383 190 2423 ex
208 2360 357 2424 instinctu
379 2361 487 2428 divino
517 2365 698 2448 afflatuque.
742 2366 826 2427 Nam
847 2376 878 2427 et
892 2365 926 2428 in
944 2365 993 2428 his
1015 2377 1145 2446 oportet

144 2463 182 2528 id
210 2467 298 2548 quod
327 2465 469 2530 intumum
497 2479 562 2544 est,
601 2489 670 2532 esse
706 2467 878 2531 definimm.
934 2469 978 2532 Et
1006 2487 1146 2549 corpore

145 2567 272 2650 quidem
297 2570 475 2634 necessario
499 2571 658 2652 patientur
683 2591 739 2634 eos
764 2570 845 2633 ictus
871 2591 953 2653 qttos
985 2571 1030 2633 eis
1064 2570 1146 2632 inse-

146 2682 219 2734 rent
239 2669 355 2734 minute
376 2672 436 2735 iste
456 2675 659 2755 corpuscula.
704 2673 751 2737 At
772 2673 865 2737 animi
885 2692 985 2755 opere
1007 2691 1045 2735 ac
1068 2672 1146 2735 effe-

146 2783 216 2838 etus
233 2773 348 2856 quibus
368 2775 494 2838 tendem
513 2777 776 2858 corpusculorum
795 2777 929 2840 istorum
954 2776 1146 2841 motionibus

146 2875 319 2944 amouere
346 2877 416 2961 quis
439 2879 583 2962 poterit?
629 2880 707 2961 Quis
741 2881 822 2943 enim
853 2881 934 2944 ictus
963 2878 1147 2962 corpusculi

146 2977 322 3044 insecabilis
354 2984 503 3046 deorsum
534 2983 649 3066 perlati
677 2995 731 3046 aut
759 2984 866 3070 aliquo
899 2988 995 3050 modo
1032 2983 1147 3048 offensi

146 3083 258 3148 efficiet
288 3095 325 3146 ut
351 3085 448 3160 tales,
484 3098 515 3149 et
543 3087 621 3152 tales
655 3087 717 3151 sint
746 3088 879 3152 rationis
904 3088 1147 3172 disceptationes

147 3199 201 3250 aut
223 3187 379 3256 motiones
401 3190 580 3270 appetitus,
604 3203 658 3255 eut
681 3191 906 3256 intellectiones
929 3204 982 3255 aut
1003 3190 1146 3254 effectio·

147 3307 224 3364 nes,
246 3302 281 3353 ut
303 3289 363 3353 sint
383 3293 563 3357 necessario
584 3307 637 3358 attt
657 3295 725 3359 ullo
747 3298 864 3372 modo,
887 3293 1073 3376 praesertim
1090 3293 1146 3356 nbi

147 3391 251 3455 anima
275 3411 310 3455 se
335 3393 468 3478 opponit
496 3397 644 3478 corporis
661 3396 994 3480 'perturbationibust
1031 3395 1145 3480 quibus

147 3491 283 3580 denique
303 3493 430 3562 illorum
454 3500 718 3582 corpusculorum
741 3499 998 3564 cursitetionibus
1024 3500 1079 3563 fiet
1110 3511 1148 3562 nt

147 3597 198 3662 hic
221 3599 264 3663 sit
287 3611 470 3686 geometra,
505 3603 584 3666 alins
608 3613 706 3666 artem
726 3603 891 3666 sideralem
921 3604 973 3668 vel
998 3620 1144 3668 numera·

148 3701 224 3766 riam
243 3714 376 3781 tractet,
400 3705 523 3788 sepiens
544 3707 584 3769 sit
605 3705 696 3770 elius.
741 3705 879 3770 Omnino
897 3707 978 3770 enim
999 3717 1143 3771 nostrum

147 3805 208 3870 ltoc
226 3817 274 3870 est
292 3827 394 3888 opus:
419 3829 456 3872 ac
476 3833 515 3872 nc
534 3809 698 3872 animantia
718 3807 844 3892 qttidem
863 3808 1000 3886 crimus,
1024 3809 1051 3873 si
1068 3809 1145 3875 feri·

146 3929 233 3988 mur,
272 3931 339 3996 quo
363 3931 423 3976 nos
448 3915 576 3978 trudunt
602 3911 800 3999 corporolia,
838 3913 918 3984 sicut
940 3912 1023 3980 trudi
1043 3914 1145 3980 solent
