2754 4510
1054 315 1117 409 ‘nt

112 527 220 585 tamen
247 516 461 582 omninndam
485 535 590 581 renum
612 499 761 582 omniunt
778 499 868 600 ponit
888 504 1122 587 mauritium,

116 635 149 688 et
169 621 276 686 cauit
305 619 452 688 cunibus
478 619 570 684 annul
598 620 730 704 sumptis
751 633 815 685 non
836 630 943 704 potest
963 639 1028 684 non
1048 618 1121 682 fieri

115 725 368 809 unumquodque
382 735 502 790 'conum
523 745 603 808 quae
625 723 715 788 unt.
759 724 847 789 Nihil
868 722 949 788 enim
970 733 1018 787 eat
1032 723 1124 807 quo&

116 829 294 914 probibere
315 828 419 912 possit
439 839 493 892 aut
514 827 637 892 efficere
658 841 767 892 utres
787 828 863 891 bant
877 826 984 902 aliter,
1008 826 1035 889 si
1050 845 1122 890 om-

118 933 171 998 nia
191 933 278 996 Fato
306 941 475 1009 terentio,
510 943 643 1020 suntque
663 931 737 996 talia
758 943 794 998 ut
815 933 855 996 ab
876 951 941 995 uno
961 927 1124 1012 principio

116 1035 290 1118 impulsum
311 1034 479 1118 accipiant.
522 1037 613 1099 Haec
632 1034 737 1120 itaque
758 1035 911 1104 sententia
931 1033 1008 1097 nihil
1028 1029 1122 1096 nobie

119 1139 289 1223 relinquit,
320 1139 380 1202 nisi
400 1138 480 1202 Ierri
500 1161 567 1222 qno
587 1141 797 1203 nos'trahnnt
816 1159 869 1201 res
891 1135 981 1200 aliae.
1038 1136 1122 1198 Nam

119 1242 190 1308 visa
210 1242 256 1308 ita
277 1254 370 1306 erunt
391 1261 434 1304 ex
454 1241 740 1328 antegredientibue
754 1242 872 1318 oensis,
897 1259 938 1305 ex
950 1239 1028 1304 visit
1041 1257 1122 1302 vero

121 1347 318 1429 appetituum
340 1346 510 1410 motiones.
569 1347 648 1410 Eius
670 1365 752 1410 vero
773 1347 860 1430 quod
881 1355 1009 1411 nostrae
1030 1351 1123 1425 potea
1195 1341 1199 1358 ⁴

123 1449 214 1512 etatis
236 1471 303 1512 esse
325 1449 457 1524 dicitur,
487 1452 603 1512 nudum
625 1449 820 1534 relinquetur
840 1459 967 1514 n'omen.
1012 1449 1124 1529 Neque

123 1553 208 1616 enim
230 1554 318 1636 quod
339 1555 517 1634 appetendo
545 1574 728 1628 movemur,
766 1551 798 1616 in
820 1574 859 1616 eo
882 1552 1048 1636 quicquam
1069 1551 1126 1613 ha·

123 1655 269 1719 bebimus
292 1654 416 1731 eximii,
450 1677 521 1717 cum
542 1655 611 1737 ipsa
634 1654 785 1738 appetitio
807 1658 976 1718 secundum
997 1655 1050 1718 illa
1071 1675 1127 1717 an-

121 1757 300 1822 tecedentia
327 1757 395 1822 fiat.
440 1760 553 1842 Neque
575 1758 667 1820 aliter
686 1779 721 1820 se
742 1757 904 1822 habebunt
926 1777 978 1820 res
999 1769 1127 1822 nostrae

125 1883 223 1948 qnam
252 1860 287 1924 in
313 1861 518 1925 animantibus
546 1862 658 1938 mutis,
698 1873 750 1924 aut
781 1861 813 1924 in
845 1861 1033 1937 infantibus,
1073 1860 1128 1944 qut

125 1965 231 2030 caecis
253 1975 421 2028 moventur
442 1963 653 2047 appetitibus,
700 1975 754 2028 aut
782 1961 813 2028 in
835 1963 1013 2029 furentibus
1033 1964 1127 2027 'etiam

126 2075 211 2146 (nam
235 2080 267 2132 et
287 2065 321 2132 bi
342 2068 484 2150 appetitu
505 2068 716 2149 concitantur)
752 2065 834 2132 sicut
854 2077 887 2131 et
906 2066 988 2154 ignis
1009 2065 1130 2148 inpetu

127 2195 187 2238 ano
209 2184 241 2234 et
264 2169 325 2234 alia
345 2188 427 2255 qnae
458 2183 637 2234 etuteturae
662 2189 737 2236 suae
764 2161 931 2236 servientia
960 2173 1132 2235 secundum

128 2297 197 2338 eam
225 2275 385 2340 feruntur.
440 2276 484 2338 Et
512 2276 576 2338 hoc
605 2263 711 2342 viilent
739 2295 869 2354 omnes,
901 2297 1004 2360 neque
1031 2277 1069 2340 de
1090 2293 1129 2345 eo

85 2365 89 2372 ⁵
127 2377 290 2452 dubitant,
320 2380 377 2441 aed
397 2376 468 2440 talis
491 2378 640 2442 motionis
663 2379 737 2442 alias
760 2391 946 2462 quaerentes
969 2397 1077 2442 catuna
1098 2377 1130 2444 in

126 2483 197 2566 ipsa
218 2480 331 2556 nolunt
352 2479 538 2544 consistere.

581 2585 683 2649 VIII.

151 2707 156 2718 ·
194 2687 284 2768 Quae
302 2684 408 2774 igitur
427 2709 520 2751 cauea
541 2701 669 2770 praeter
689 2689 746 2754 bas
762 2689 931 2756 adveniens
946 2689 1022 2756 nihil
1035 2689 1132 2756 relin-
1200 2695 1203 2715 ¹

129 2802 206 2876 quet
227 2811 340 2854 causae
362 2811 479 2872 expers
501 2803 533 2854 et
555 2793 811 2875 consequentiam
840 2795 1044 2880 ordinemque
1066 2817 1134 2860 ser·

129 2893 235 2970 rabir,
259 2906 291 2958 ct
311 2892 473 2976 permittet
494 2893 587 2968 nobis
609 2914 678 2957 ease
700 2897 787 2979 qnod
801 2895 932 2960 sumus?
952 2919 1055 2983 neque
1069 2901 1133 2965 tol'.
1242 2909 1245 2916 ’

128 2999 173 3062 Ict
185 2995 332 3062 vaticinia
347 3008 379 3059 et
387 2995 712 3082 praesignificationes
724 2997 823 3062 alias?
846 2999 993 3065 Animam
1005 3013 1135 3085 oportet
1208 3049 1212 3056 .

129 3113 270 3168 renuere
291 3099 481 3182 principium
496 3119 565 3162 ease
580 3100 681 3176 aliud,
706 3103 866 3186 rebusque
889 3103 1047 3180 inserere,
1070 3125 1136 3168 non

128 3205 215 3270 ittam
239 3206 400 3266 tenuarat
429 3202 587 3278 universi,
626 3206 682 3266 ced
708 3215 784 3286 post
811 3207 894 3270 banc
925 3207 1017 3270 etiam
1046 3227 1134 3285 eam,

130 3327 215 3392 quae
231 3315 279 3367 est
293 3305 509 3390 singulorum,
534 3307 676 3390 quaeque
692 3308 880 3392 prinprium
898 3327 962 3373 non
985 3309 1136 3394 exiguum

130 3421 182 3474 eat
204 3409 246 3470 ad
267 3427 319 3470 rea
340 3411 591 3483 connectendas,
622 3431 693 3472 cum
715 3432 797 3486 non,
826 3423 936 3474 utres
958 3409 1056 3488 aliae,
1096 3433 1137 3476 ex

131 3507 268 3582 ceminio
282 3523 436 3589 naacanu,
460 3513 518 3576 aed
531 3511 571 3574 sit
586 3533 604 3574 a
619 3533 711 3576 causa
727 3513 842 3595 opifice
856 3513 956 3596 prima
977 3515 1135 3598 prosecta.

133 3616 227 3680 Ilaec
248 3635 320 3678 cnm
342 3625 432 3678 extra
453 3635 573 3696 corpus
596 3625 661 3690 est,
687 3615 811 3679 domina
834 3627 881 3679 est
902 3616 951 3680 eui
972 3618 1091 3700 opificii
1105 3629 1137 3684 et

132 3719 233 3784 libera
256 3729 287 3782 et
309 3729 399 3782 extra
421 3738 533 3782 canuae
556 3721 728 3807 murndanae
751 3719 928 3804 imperium.
972 3721 1037 3786 Ubi
1060 3743 1139 3788 vero

131 3822 164 3888 in
187 3839 308 3904 corpur
334 3821 437 3886 delata
468 3833 532 3897 ent,
572 3843 635 3886 non
669 3821 798 3885 omnino
827 3822 889 3889 tun
922 3805 1069 3898 domina,
1105 3838 1139 3888 ut

134 3925 305 3992 coniuncta
328 3945 398 3988 cnm
421 3927 517 3988 rebus
541 3924 620 3990 aliie.
666 3923 827 3994 Fortunae
851 3947 929 3992 vero
951 3944 1002 3991 tet
1022 3927 1139 3994 circuni
