2694 4508
11 573 15 590 ι

11 601 15 634 i

659 193 668 226 Ι

1082 289 1122 354 23

174 545 223 608 At
246 505 395 606 orunibus
417 556 503 608 certe
525 459 722 624 hohiiriilius,
762 549 816 632 qui
845 547 1061 614 communibus
1084 569 1122 610 ac

11 679 16 738 ἶ
109 645 311 710 naturalibus
326 647 445 712 notitiis
461 651 642 729 adhaerent,
666 653 720 714 illa
741 652 886 716 dicuntur
900 674 975 716 casu
990 663 1021 713 ct
1034 652 1121 715 sorte

11 821 12 826 η
109 751 202 829 heri,
243 749 327 835 quae
349 767 584 836 consequuntur
605 777 714 821 causas
743 755 870 820 alterius
892 756 939 820 rei
960 753 1120 838 principa-

110 856 185 920 liter
214 855 410 921 effectrices'.
477 859 610 939 Quoties
639 861 720 924 enim
750 859 842 923 alieni
869 859 935 937 rei,
974 881 1055 943 quae
1084 859 1121 924 fit

110 971 252 1044 propter
274 959 415 1045 aliquid,
444 983 509 1025 non
537 963 571 1027 id
592 963 777 1042 comitatur,
817 945 904 1026 cuiu‘s
933 963 1035 1048 gratia
1068 984 1120 1026 res

109 1063 164 1128 illa
185 1075 339 1147 suscepta
354 1075 419 1142 est,
443 1067 499 1128 sed
515 1066 599 1130 aliud
620 1067 696 1149 quid
718 1089 777 1130 nee
798 1079 976 1148 speratum,
999 1066 1032 1128 id
1049 1065 1120 1128 sor·

109 1179 188 1232 tuna
216 1166 289 1230 fieri
316 1167 448 1234 dicitur:
485 1192 546 1252 per
574 1191 608 1234 se
637 1171 762 1254 quidem
791 1181 897 1234 ortum
918 1168 983 1232 sine
1006 1190 1117 1232 causa:

109 1292 172 1354 per
193 1271 381 1357 contingens
403 1285 506 1338 autem
528 1295 653 1338 causam
681 1275 800 1338 habeus
827 1273 860 1338 id
881 1275 968 1358 qood
991 1273 1119 1337 alterius

111 1372 161 1438 rei
182 1395 262 1460 crgo
283 1376 393 1440 fiebat.
436 1379 481 1440 Et
500 1380 565 1441 hoc
586 1399 654 1442 esse
677 1381 764 1462 quod
786 1400 894 1460 omnes
914 1376 1116 1462 intelligunt,

111 1501 183 1542 cum
206 1478 327 1564 aliquid
346 1481 477 1546 fortuna
498 1481 604 1544 dicunt
625 1481 712 1558 ficri,
738 1494 869 1564 apparet
891 1481 1012 1557 exiis,
1037 1502 1117 1564 qnae
1188 1501 1192 1514 ’

109 1583 160 1648 isti
188 1584 302 1670 generi
329 1585 466 1667 supponi
487 1587 591 1649 solent
613 1586 778 1668 exemplis.
833 1587 915 1650 Nam
937 1587 1117 1648 thesaurum

46 1747 53 1754 .
109 1687 196 1752 aiunt
216 1689 308 1752 forte
329 1687 457 1752 fortuna
478 1689 657 1765 inventum,
696 1689 821 1773 siquis
842 1689 966 1752 fodiens
989 1685 1117 1752 alterius
1232 1759 1235 1768 Ι

109 1790 251 1856 utilitatis
285 1803 448 1874 respectu,
482 1814 547 1857 non
568 1803 603 1854 ut
629 1795 812 1856 thesaurum
833 1791 1010 1876 reperiret,
1047 1793 1118 1852 the·

107 1915 239 1958 saurmn
266 1892 398 1958 invenit.
452 1896 535 1959 Nam
564 1894 619 1978 qui
653 1895 794 1960 thesauri
822 1893 992 1978 quaerendi
1023 1912 1119 1956 causa

107 1998 247 2074 foderit,
271 1995 300 2060 is
321 1997 439 2064 sicum
462 1999 618 2081 reperiet,
641 2021 706 2064 non
727 1999 759 2064 id
774 1997 930 2062 adscribet
944 1997 1115 2061 fortunae:

107 2101 214 2166 evenit
235 2099 320 2166 enim
341 2100 371 2166 ei
391 2103 472 2178 hoc,
494 2102 584 2198 cauus
606 2125 663 2186 spe
683 2101 824 2170 fodiendi
844 2085 987 2166 laborem
1009 2122 1116 2164 susce·
1205 2163 1208 2174 ,
1298 2122 1302 2136 ·

107 2216 212 2286 perat.
271 2204 319 2270 At
339 2204 367 2268 si
388 2206 458 2290 quis
486 2209 525 2269 dc
553 2209 703 2273 thesauro
726 2208 909 2290 quaerendo
931 2227 971 2268 ne
993 2203 1116 2290 cogita-

109 2308 194 2372 verit
226 2307 372 2391 quidem,
425 2309 455 2374 ei
488 2323 590 2374 autem
620 2311 704 2376 alind
739 2311 844 2396 agenti
875 2310 919 2374 ita
947 2307 1118 2391 contigerit

107 2413 293 2476 thesaurum
313 2413 478 2496 reperire,
513 2415 602 2498 quasi
628 2413 661 2479 id
688 2414 749 2480 sihi
776 2413 937 2478 habuisset
964 2410 1115 2494 proposi·
1169 2499 1173 2506 ι

106 2525 194 2592 tum,
219 2517 261 2578 ab
282 2518 347 2582 hoc
366 2517 453 2584 forte
473 2519 603 2583 fortuna
625 2531 786 2601 repertum
806 2521 986 2582 thesaurum
1009 2516 1116 2578 dicunt

107 2641 237 2695 omues,
280 2631 312 2684 et
332 2621 419 2686 sorte
440 2621 569 2686 fortuna
590 2633 771 2704 reportasse
791 2621 957 2704 pecuniam
979 2623 1113 2701 dicitur,

107 2724 161 2807 qni
183 2745 256 2786 cum
276 2725 322 2790 ob
343 2724 429 2789 alitrd
448 2724 611 2810 negotium
631 2726 663 2790 in
683 2725 790 2790 sorum
803 2724 990 2806 prodiisset,
1015 2727 1115 2792 obvio

108 2827 168 2892 sibi
187 2827 278 2892 facto
308 2829 451 2894 debitore
479 2831 642 2910 pecuniam
671 2829 966 2906 sccnm·habente,
1007 2832 1046 2893 ab
1075 2853 1117 2896 eo

109 2934 197 3014 quod
218 2930 282 2996 sibi
302 2945 393 2996 antea
413 2933 587 2998 debebatur
608 2933 777 3015 receperit.
821 2935 903 2998 Nam
925 2955 995 2998 curn
1013 2933 1044 2998 in
1061 2934 1116 3002 fo·

108 3055 178 3100 rum
200 3035 370 3118 processio
394 3035 479 3100 aliud
498 3035 559 3101 sibi
580 3036 740 3102 habuisset
761 3037 980 3118 propositum,
1010 3050 1114 3103 tamen

108 3139 167 3204 ista
189 3138 304 3204 crediti
325 3138 467 3223 receptio
487 3137 532 3206 ita
553 3142 720 3204 commode
736 3140 772 3204 'ei
788 3141 911 3217 evenit,
936 3161 1113 3224 quanquam

109 3243 307 3320 accessoria,
346 3252 380 3306 nt
411 3263 474 3327 pro
494 3244 665 3326 proposito
685 3243 746 3326 ipsi
768 3243 899 3308 cesserit
920 3263 1013 3305 cansa
1034 3243 1112 3306 effe-

107 3345 214 3425 ctrix,
249 3357 282 3410 ct
311 3345 395 3410 aliud
415 3347 482 3414 eius
503 3347 717 3430 propositum.
784 3346 907 3411 Contra
935 3365 1015 3410 vero
1043 3367 1113 3410 non

107 3449 225 3516 dicitur
246 3449 333 3514 sorte
355 3450 484 3515 fortuma
507 3450 576 3533 quis
598 3449 749 3514 creditum
778 3449 958 3530 recepisse,
997 3449 1025 3514 si
1046 3451 1112 3515 ani·

107 3576 159 3619 mo
180 3554 216 3618 iu
236 3553 411 3636 recipiendi
431 3553 583 3620 inferum
598 3553 804 3638 processerit.
842 3551 1015 3618 Processio
1030 3554 1112 3620 enim

106 3655 164 3722 ista
186 3658 220 3723 id
242 3641 304 3722 crit
325 3669 494 3726 consecuta
515 3661 604 3741 quod
623 3657 682 3722 sibi
704 3668 930 3739 proposuerat.
954 3659 997 3723 Et
1012 3679 1110 3742 eqmn

106 3783 181 3826 casu
202 3771 350 3826 servatus
373 3761 502 3838 dicitur,
545 3761 572 3824 si
599 3761 625 3824 is
658 3759 868 3842 pabulationis
902 3773 955 3824 arrt
975 3761 1110 3824 alterius

105 3863 154 3928 rei
176 3887 272 3930 causa
294 3865 443 3950 effugerit
464 3887 693 3960 possessores,
729 3863 877 3928 acciderit
900 3873 1002 3928 autem
1024 3873 1058 3926 nt
1079 3863 1112 3928 iu
