2718 4506
227 340 228 351 .
260 253 327 368 rue

280 471 316 552 2)
345 467 394 550 ὡς
415 465 533 558 ἡμεῖς
553 479 594 536 τε
615 465 834 555 ἀξιοῦμεν)
859 491 895 534 τε
910 469 997 552 quod
1010 466 1169 545 alteratio
1184 471 1266 538 Ald.

345 577 376 637 l.
400 576 515 638 addunt
536 574 613 638 Ald.
638 574 670 636 λ.
701 571 808 637 Casel.
830 583 863 634 et
883 573 993 638 Loud.
1275 603 1277 610 ι

280 676 314 757 3)
342 673 422 745 ἀλλ’
458 679 569 745 ἐῖναι
601 676 745 757 ἐπίσης
776 669 974 764 ἑκάτερον
1004 670 1026 758 ἢ
1051 674 1211 746 πιστὸν
1243 677 1264 760 ἢ

342 777 499 863 ἄδηλον
520 776 641 860 riveti]
666 779 788 864 Tangit
805 778 853 842 his
874 777 980 842 verbis
994 778 1180 844 Alexander
1201 786 1263 848 do*

343 906 422 970 gma
438 884 657 966 Scepticorum
678 885 813 958 Fatum,
851 893 956 945 utrum
982 881 1023 946 eit
1050 905 1089 947 an
1111 886 1259 965 nonsit,

343 985 376 1050 in
397 986 546 1074 ambiguo
567 987 820 1071 relinquentium.
854 985 927 1064 (0.)

222 1095 224 1100 ’
279 1093 312 1171 l)
339 1087 501 1160 πάντων
527 1091 774 1178 γινομένων]
812 1091 920 1154 Havn.
948 1086 979 1150 iu
1001 1109 1104 1176 marg.
1127 1086 1259 1174 πάντας

342 1198 526 1290 γινομένων.

278 1299 312 1377 5)
341 1295 389 1364 τοί
408 1294 459 1383 με)
483 1292 612 1374 ducor
643 1295 769 1384 ἔχειν]
813 1299 862 1362 lta
883 1300 991 1364 Lond.
1013 1301 1107 1363 bene.
1144 1299 1254 1364 Havn.

341 1399 476 1463 Aldinae
504 1411 536 1462 et
566 1398 672 1464 Casel.
705 1395 792 1485 ἢμὴ
815 1396 919 1480 dcitur
940 1401 1032 1489 ἔχειν,
1075 1403 1140 1465 Sed
1161 1398 1183 1483 ἢ
1204 1425 1255 1466 re·

340 1504 499 1583 spondens
527 1502 726 1582 praecedeuti
746 1497 886 1594 πόεερον
905 1507 1054 1568 habemus
1075 1505 1186 1588 paullo
1206 1506 1255 1569 in·

338 1604 449 1681 serius,
471 1604 577 1668 verbis
600 1601 620 1687 ἢ
642 1602 738 1682 ὄντος
758 1602 847 1684 τινὸς
867 1612 923 1674 καὶ
944 1603 993 1700 ἐφ’
1016 1603 1102 1695 ἡμῖν.
1125 1609 1200 1690 (0.)
1215 1604 1254 1674 τὰ

339 1707 385 1771 sic
407 1710 488 1786 nude
510 1708 647 1790 positum
668 1708 782 1772 falsum
803 1721 862 1773 est.
922 1710 1059 1775 Omnino
1089 1713 1254 1776 delendum

340 1822 408 1876 erat
423 1808 561 1894 dcodd.
577 1823 608 1874 et
619 1813 703 1876 Edd.
715 1811 977 1894 praecedentium.
1000 1812 1120 1895 (θαεμ.
1136 1815 1254 1892 orell.)

276 1911 334 1996 5a)
355 1914 578 2001 γίνεσθαι]
621 1915 698 1979 Ald.
723 1917 754 1980 1.
777 1917 899 2000 γίνεται
922 1915 1048 1981 vitiose.

275 2019 309 2100 6)
342 2013 396 2084 od
428 2013 655 2109 γνώριμον]
702 2017 810 2081 Havu.
840 2018 973 2081 Aldinae
1006 2029 1038 2082 et
1067 2015 1177 2083 Casel.
1202 2011 1257 2084 Ἢ

336 2115 508 2209 γνώριμον.
530 2120 603 2199 (Ο.)
636 2121 754 2184 Recte.
771 2119 857 2184 Vide
879 2122 918 2184 ad
939 2118 1022 2204 Cap.
1045 2122 1093 2185 V.
1115 2118 1201 2184 Nro.
1217 2119 1251 2183 3.

339 2222 453 2303 (uasp.
476 2222 594 2299 Orcll.)
1191 2307 1193 2312 Ι

274 2311 307 2401 l)
336 2323 446 2387 ε’ἴναι
467 2317 627 2413 κύριοι]
657 2323 734 2386 Ald.
752 2325 783 2388 1.
805 2324 888 2391 ἕῖναι
909 2318 1021 2412 κύριος
1042 2335 1207 2407 corrupte.

210 2432 211 2441 ’
269 2415 409 2506 &diff
433 2419 451 2491 ὁ
474 2425 668 2503 κίνδυνος
690 2428 776 2508 etc]
818 2429 904 2491 Tota
923 2428 1002 2490 haec
1022 2427 1174 2509 periodus
1195 2429 1248 2490 de-

335 2539 383 2592 est
403 2527 435 2592 in
456 2528 533 2594 Ald.
551 2531 582 2592 1.
606 2541 637 2593 et
658 2541 732 2610 post
753 2532 836 2602 ἐῐναι
857 2525 966 2618 κύριοι
987 2529 1129 2614 sequitur
1143 2523 1249 2597 πολλοί

335 2632 586 2721 παραλείπομεν.
628 2632 784 2715 Suppleut
804 2634 946 2696 lacunam
966 2634 1075 2698 Havn.
1116 2631 1193 2697 Ald.
1214 2633 1248 2694 ί.

337 2736 432 2798 Mon.
457 2734 563 2810 Casel.
587 2746 618 2799 et
639 2735 748 2799 Lond.
907 2803 910 2818 .

273 2836 334 2918 eb)
362 2838 632 2919 πείθεσθαι]
666 2837 870 2901 Scribendum
893 2837 1017 2903 videtur
1045 2847 1098 2902 aut
1126 2833 1186 2904 deci
1211 2831 1248 2903 τὸ

334 2939 522 3006 πείθεσθαι
544 2952 596 3003 aut
617 2936 823 3028 πειθόμενοι.
859 2942 932 3023 (Ο.)
968 2943 1080 3026 Neque
1101 2961 1182 3006 vero
1203 2939 1249 3003 sic

334 3042 478 3126 procedit
500 3043 707 3107 constructio.
752 3045 831 3106 Nam
861 3043 888 3108 si
914 3043 1038 3129 iungis,
1078 3037 1135 3108 'Ee
1156 3045 1248 3129 diy⁸

333 3145 610 3237 παραλείποιμεν,
632 3145 903 3229 deeritapodosis.
924 3141 926 3146 ’
948 3147 982 3210 si
996 3145 1248 3230 propositionem

332 3249 537 3333 principalem
559 3248 667 3311 statuis
689 3249 961 3339 παραλείποιμεν,
991 3248 1090 3324 deerit
1109 3247 1247 3332 protasis

332 3352 479 3417 inchoata
499 3374 558 3436 per
579 3351 766 3435 particulam
790 3354 827 3419 ἐι.
864 3352 979 3416 Subest
1000 3351 1097 3437 igitur
1119 3349 1248 3435 aliquod

332 3458 489 3520 meudrun.
533 3454 697 3520 Excidisse
719 3455 836 3540 aliquid
855 3454 970 3518 iudicat
994 3455 1086 3519 etiam
1107 3456 1247 3537 pendeus

287 3635 289 3642 y
331 3557 409 3620 illud
428 3566 488 3642 μὲν
507 3570 582 3640 post
603 3559 800 3625 πείθεσθαι.
835 3557 947 3640 (Ousp.
968 3557 1086 3644 Orell.)
1145 3587 1148 3595 2

269 3662 303 3740 9)
331 3665 398 3751 καὶ
429 3657 501 3726 διὰ
527 3659 575 3726 ,τὸ
610 3656 706 3738 τοὺς
738 3661 823 3740 etc]
868 3660 975 3726 Casel.
1011 3667 1066 3728 καί
1098 3658 1156 3729 διὰ
1190 3659 1248 3727 rori

331 3759 416 3840 τοὺς.
448 3763 557 3838 Mate,
577 3785 648 3827 cum
668 3764 875 3847 praecesserit
889 3769 952 3835 ,καί
973 3759 1030 3832 deci
1050 3761 1089 3832 τὸ
1109 3757 1247 3850 βουλεί-

333 3870 479 3934 aarum.
523 3865 595 3945 (0.)
