2754 4510
1063 317 1124 382 207

123 509 203 574 quae
226 505 267 546 ex
289 495 403 550 natura
426 484 492 569 agit
514 483 690 550 absolvitur
718 502 782 547 non
815 483 1032 564 miseratione,
1071 490 1127 552 sed

122 587 258 654 radone.

524 806 736 861 Ponam

188 995 299 1080 Leges
321 993 502 1058 differentes
526 992 627 1057 linere
650 993 794 1058 ho'mines
819 993 851 1058 in
872 1015 998 1079 quoque
1023 1005 1126 1060 tractu

125 1097 241 1186 partim
259 1091 412 1179 scriptas,
436 1095 552 1178 partim
569 1118 633 1160 non
653 1097 807 1180 scriptas:
831 1119 964 1183 quarum
984 1099 1127 1166 recitabo

125 1223 203 1285 quas
225 1200 304 1265 novi
329 1211 361 1263 et
382 1221 515 1283 quarum
537 1199 683 1276 memini,
718 1200 849 1283 abipsa
876 1202 983 1266 mnndi
1004 1203 1128 1289 origine

124 1303 294 1386 incipiens.
335 1305 411 1368 Lex
432 1314 480 1366 est
499 1307 582 1386 apud
604 1305 720 1381 Seres,
754 1305 885 1388 nequis
908 1306 1054 1384 occidat,
1088 1327 1128 1370 ne

125 1408 198 1492 quis
218 1417 396 1483 scortenrr,
410 1427 460 1470 -ne
475 1407 545 1491 quis
561 1407 707 1485 surebrr,
731 1428 771 1472 ne
793 1408 862 1492 quis
885 1408 1050 1474 simulacra
1072 1431 1129 1474 ve-

124 1522 268 1576 neretur.
311 1511 356 1574 Et
376 1509 409 1574 in
428 1509 484 1575 illo
502 1522 605 1576 tractu
625 1509 775 1576 latissime
793 1523 921 1594 patente
939 1534 1005 1576 non
1022 1513 1130 1578 videas

123 1616 296 1700 templum,
319 1635 384 1678 non
401 1613 548 1678 feminam
563 1635 644 1698 quae
663 1615 784 1678 dicatur
798 1617 950 1680 meretrix
967 1617 1019 1680 vel
1038 1618 1130 1682 adul-

123 1733 213 1797 tera,
236 1740 302 1783 non
323 1717 425 1782 iurem
444 1717 477 1782 in
495 1717 544 1782 ius
565 1718 654 1800 rapi,
684 1718 838 1782 neminem
860 1739 929 1782 esse
954 1718 1009 1802 qui
1029 1720 1129 1782 inter-

123 1827 230 1901 ficiat,
269 1831 322 1885 aut
356 1819 409 1904 qui
439 1820 659 1886 interficiatur.
727 1823 841 1904 Neque
877 1821 958 1884 enim
991 1821 1131 1886 libertati

124 1927 345 1996 necessitatem
362 1923 406 1987 ibi
423 1923 557 2010 imponit
569 1909 742 1988 flammanti
754 1924 857 1988 sidere
869 1925 1006 1988 Mavors
1024 1925 1128 1992 medio

125 2032 208 2098 caeli
229 2029 332 2114 spatio
353 2047 388 2090 se
409 2039 540 2104 tenens,
565 2039 599 2090 ut
615 2029 715 2092 homo
735 2026 895 2092 bominem
913 2028 1004 2093 ferro
1017 2041 1128 2094 necett

126 2160 192 2204 non
210 2136 323 2198 Venus
343 2132 445 2196 Marti
465 2131 570 2196 iuncta
590 2134 675 2216 apud
690 2131 764 2198 illos
785 2132 862 2198 lacit
881 2143 916 2195 nt
942 2131 1012 2217 quis
1034 2135 1132 2204 cubet

127 2261 200 2305 eum
229 2237 327 2302 aliena
354 2235 605 2312 matrefamilias,
641 2257 713 2299 curn
743 2248 847 2300 tamen
878 2236 966 2301 nullo
992 2257 1058 2302 non
1079 2237 1130 2302 die

127 2347 223 2410 Mars
240 2339 373 2404 medium
395 2337 474 2404 caeli
494 2350 619 2415 teneat,
659 2339 807 2424 omnique
830 2342 912 2404 hora
941 2361 978 2404 ac
991 2339 1049 2402 'die
1073 2363 1131 2404 na·

127 2459 258 2514 scantin
264 2443 449 2528 aliquiapud
456 2443 562 2508 Seras.
580 2444 678 2526 Apud
684 2444 782 2506 Indos
794 2455 825 2508 et
836 2443 1021 2507 Bactrianos
1032 2445 1128 2507 multa

128 2550 225 2616 millia
246 2561 318 2614 sunt
339 2569 451 2612 eorum
472 2567 554 2632 quos
577 2546 682 2609 dieunt
706 2547 919 2610 Brachmanae
944 2546 1000 2630 qni
1017 2568 1130 2610 seeun-

129 2657 205 2719 dum
218 2653 322 2740 legem
335 2649 553 2736 maiorumque
566 2671 697 2714 snorum
716 2647 857 2714 instituta
873 2648 1002 2727 vimmt,
1027 2671 1131 2736 neque

129 2756 321 2824 interficiunt
356 2753 545 2840 qrriequam,
586 2775 689 2838 neque
720 2753 886 2818 simulacra
918 2767 1128 2832 venerantur,
1213 2832 1218 2840 ,

130 2881 196 2926 non
220 2871 349 2946 gustant
380 2860 421 2922 de
448 2853 486 2922 iis
511 2879 591 2943 quae
617 2857 749 2921 animam
770 2857 929 2923 habuere:
973 2881 1132 2942 nunmunt

130 2964 343 3042 inebriantur,
367 2984 439 3026 cum
462 2983 523 3026 neo
540 2962 646 3026 vinum
663 2981 723 3025 nee
745 2961 877 3026 siceram
893 2975 1031 3049 gustent,
1055 2962 1132 3026 nulli

129 3068 279 3152 pravitati
299 3087 334 3130 se
355 3066 548 3144 admiscent,
582 3066 655 3131 Deo
678 3067 792 3134 dantes,
806 3087 954 3148 operam,
987 3089 1057 3130 eum
1079 3065 1131 3130 alii

130 3171 203 3238 Indi
224 3171 370 3237 occidant
386 3190 421 3234 se
441 3181 569 3248 munio,
599 3179 802 3248 scortentur,
831 3169 1044 3247 inebrientur,
1075 3171 1131 3234 ad·

129 3275 304 3340 volvantur
325 3272 520 3350 simulacris,
555 3285 587 3337 et
610 3273 711 3338 ferme
732 3293 791 3355 per
815 3273 920 3339 omnia
945 3271 1028 3336 Fato
1052 3271 1133 3340 lerri

129 3399 166 3444 se
188 3375 304 3440 sinant.
348 3377 408 3440 Est
425 3375 458 3440 in
475 3378 582 3440 eadem
603 3376 712 3442 Indiae
728 3376 823 3461 plaga
840 3375 948 3451 natio,
973 3395 1053 3460 quiae
1073 3398 1131 3460 pe-

129 3478 305 3568 regrinos,
327 3489 362 3542 ut
376 3501 532 3564 quemque
542 3480 679 3563 reperit,
703 3478 807 3561 capit,
831 3477 1023 3544 etsacrilicii
1037 3501 1132 3548 causa

128 3580 294 3650 interficit.
337 3583 449 3666 Neque
470 3581 607 3672 benigna
627 3581 732 3645 sidera
751 3580 811 3644 hos
836 3579 1007 3662 prohibent
1027 3583 1132 3648 caedi-

130 3689 191 3752 bus
211 3697 244 3750 et
260 3683 382 3750 iniustis
399 3685 516 3770 nuptiis
534 3682 726 3759 attaminari,
750 3701 853 3766 neque
875 3681 1011 3769 maligna
1027 3683 1133 3752 sidera
1211 3675 1215 3688 '

130 3789 346 3856 Brachmanae
374 3790 415 3854 ad
444 3789 608 3854 malefacta
636 3797 768 3872 cogunt.
819 3786 918 3868 Apud
941 3787 1058 3852 Persas
1079 3789 1134 3854 lex

128 3891 458 3962 luituxeressurrere
466 3892 568 3972 tiliae,
592 3909 742 3968 sorores,
767 3886 859 3954 etiam
873 3899 1008 3957 matresa
1032 3910 1135 3975 neque
