2754 4510
860 747 872 798 i

113 1055 392 1140 anone-11
435 999 702 1154 enuisti
749 1030 1117 1144 auutnouts

321 1271 600 1343 mutunus
632 1277 703 1343 nu
739 1274 898 1346 anuo.
955 1305 959 1315 ·
1007 1259 1012 1266 '

191 1492 316 1559 (mnne
333 1507 437 1547 versus
454 1512 475 1547 a
492 1494 622 1550 samua
640 1496 773 1552 numo
790 1496 1038 1568 limburgensi.)

502 1733 737 1757 'm‘

507 1769 509 1776 .

178 1927 267 1998 Num
296 1928 421 1996 definita
448 1943 521 1995 sunt
550 1952 588 1994 ae
616 1931 787 1996 constituta
811 1932 881 1999 fato
909 1955 989 2018 quae
1010 1927 1121 2002 inune

112 2047 188 2102 aunt
217 2034 340 2100 omnia:
377 2047 430 2098 aut
459 2046 573 2098 suntne
600 2034 693 2102 etiam
724 2037 875 2102 nonnulla
903 2059 1015 2102 eorum
1036 2033 1117 2122 quae

113 2139 242 2203 delinita
264 2160 329 2203 nou
349 2150 443 2216 aunt,
482 2141 540 2202 sed
558 2138 718 2232 indefinite
740 2163 778 2204 ae
798 2140 991 2218 inordinate,
1030 2151 1062 2205 et
1082 2151 1120 2206 ut

112 2243 332 2319 humiliarit,
356 2240 526 2305 eveniunt?
549 2242 632 2306 Sane
653 2243 780 2307 definita
800 2257 872 2308 sunt
895 2245 1011 2309 omnia.
1033 2247 1119 2308 Nam

113 2347 144 2410 ei
165 2346 333 2436 quiequam
362 2365 474 2409 eorum
503 2365 584 2429 quae
614 2346 724 2424 fiunt,·
753 2368 819 2412 non
850 2348 977 2412 definite
1005 2347 1122 2425 {iet-et,-

114 2461 305 2534 sequeretur
325 2449 378 2513 vel
398 2449 481 2512 idem
502 2451 622 2533 absque
643 2471 739 2514 causa
759 2451 863 2527 nasei3
897 2453 1040 2534 adeoque
1062 2450 1119 2515 ali·

114 2553 192 2638 quid
213 2575 325 2618 eorum
348 2573 429 2637 quae
449 2553 529 2616 fiunt
556 2554 675 2618 hahere
702 2565 826 2631 ortum,
861 2557 917 2617 sed
943 2573 1037 2617 eausa
1066 2574 1121 2617 eae

114 2679 210 2734 ret-e,
252 2657 306 2720 vel
327 2665 454 2722 oausam
473 2657 573 2740 ipsam
596 2660 715 2743 absque
737 2655 995 2722 determinatione
1016 2675 1120 2740 nequo

113 2759 294 2826 necessario
324 2759 469 2843 operari,
507 2773 539 2824 et
567 2783 636 2827 esse
657 2764 737 2826 adeo
760 2763 914 2846 quandam
936 2779 1099 2824 causarum
1106 2799 1118 2836 ,

115 2885 198 2950 quae
218 2885 284 2930 non
305 2865 503 2943 necessario,
541 2885 644 2948 neque
672 2864 877 2928 determinate
906 2863 982 2948 quid
1009 2881 1122 2927 eorum

115 2989 198 3052 quae
211 2968 343 3045 fecerit,
367 2968 480 3046 faciat,
505 2970 592 3053 quod
613 2979 759 3032 neutrum
780 2967 850 3031 fieri
867 2978 987 3050 potest.
1010 2966 1121 3030 Multo
1176 3009 1182 3026 t

112 3083 219 3136 autent
241 3070 343 3134 minus
365 3071 436 3136 fieri
456 3083 595 3156 potest„
618 3083 654 3139 ut
682 3071 752 3156 quio
774 3071 864 3135 Deos
892 3081 1011 3133 mutare
1039 3067 1123 3130 dicat

114 3173 252 3239 tonsilla
278 3175 310 3238 in
337 3173 397 3252 iis,
442 3193 523 3258 quae
550 3175 647 3240 semel
675 3177 713 3240 de
739 3173 855 3239 inturio
889 3175 1119 3245 decreverunt,

115 3288 173 3342 aut
195 3279 348 3360 quaedam
369 3290 499 3361 praeter
519 3299 556 3342 ea
578 3299 658 3363 quae
680 3289 770 3342 erant
782 3278 814 3342 in
830 3276 933 3342 annno
947 3271 1124 3356 perficeret

115 3401 175 3444 aen
196 3379 345 3463 precibus
366 3383 549 3458 hominum,
587 3403 644 3446 eeu
671 3381 762 3446 donis
794 3380 935 3454 illectos,
973 3395 1029 3438 aeu
1062 3374 1124 3440 elia
1169 3375 1181 3404 ⁴

118 3482 233 3567 quavis
255 3483 379 3548 ratione
399 3485 557 3548 inductos.
601 3487 684 3548 Nam
712 3484 768 3567 qui
794 3480 1010 3546 nenessitatem
1034 3477 1122 3544 futu·

115 3607 228 3652 ronun
251 3588 426 3670 Fatumque
448 3587 583 3663 tollunt,
614 3609 678 3650 non
700 3599 817 3650 temere
840 3584 1022 3661 evitabunt,
1047 3582 1123 3666 quin
1173 3607 1175 3614 ·

118 3691 171 3754 vel
196 3694 235 3754 de
257 3690 459 3774 providentia
486 3711 594 3754 rerum
620 3692 825 3754 humanarum
855 3689 997 3754 deiiei'ant
1018 3687 1122 3768 Deos,

119 3795 171 3858 vel
193 3793 308 3878 peiora
328 3795 434 3878 potius
458 3794 580 3872 omnia,
605 3815 699 3878 quam
721 3813 831 3858 comm
853 3815 933 3878 quae
955 3790 1024 3855 fieri
1044 3811 1123 3874 pos·
1221 3826 1226 3834 ·

113 3909 187 3962 aunt
209 3895 347 3981 optima,
370 3897 447 3982 ipsis
470 3897 646 3984 assignentt
675 3895 840 4062 ,ottoniqqn
861 3891 931 3962 fieri
952 3891 1042 3954 aliter
1059 3911 1123 3954 nou
