<?xml version="1.0" encoding="UTF-8"?>
<!DOCTYPE html PUBLIC "-//W3C//DTD XHTML 1.0 Transitional//EN"
    "http://www.w3.org/TR/xhtml1/DTD/xhtml1-transitional.dtd">
<html xmlns="http://www.w3.org/1999/xhtml" xml:lang="en" lang="en">
 <head>
  <title>
</title>
<meta http-equiv="Content-Type" content="text/html;charset=utf-8" />
  <meta name='ocr-system' content='tesseract 3.04.00' />
  <meta name='ocr-capabilities' content='ocr_page ocr_carea ocr_par ocr_line ocrx_word'/>
</head>
<body>
  <div class='ocr_page' id='page_1' title='image "./alexandriaprodi00alexgoog_0176.png"; bbox 0 0 2790 4512; ppageno 0'>
   <div class='ocr_carea' id='block_1_1' title="bbox 1025 329 1194 430">
    <p class='ocr_par' dir='ltr' id='par_1_1' title="bbox 1025 329 1194 430">
     <span class='ocr_line' id='line_1_1' title="bbox 1025 329 1194 430; baseline 0 -36"><span class='ocrx_word' id='word_1_1' title='bbox 1025 371 1038 430; x_wconf 43' lang='lat'><strong>¹.</strong></span> <span class='ocrx_word' id='word_1_2' title='bbox 1081 329 1141 394; x_wconf 76' lang='lat' dir='ltr'><strong>sss</strong></span> <span class='ocrx_word' id='word_1_3' title='bbox 1190 407 1194 414; x_wconf 16' lang='lat'><strong>⁴</strong></span> 
     </span>
    </p>
   </div>
   <div class='ocr_carea' id='block_1_2' title="bbox 136 496 1205 3987">
    <p class='ocr_par' dir='ltr' id='par_1_2' title="bbox 141 496 1187 2017">
     <span class='ocr_line' id='line_1_2' title="bbox 143 496 1145 577; baseline 0.002 -18"><span class='ocrx_word' id='word_1_4' title='bbox 143 497 268 562; x_wconf 84' lang='lat' dir='ltr'><strong>lavetur</strong></span> <span class='ocrx_word' id='word_1_5' title='bbox 293 516 396 570; x_wconf 85' lang='lat' dir='ltr'><strong>nune;</strong></span> <span class='ocrx_word' id='word_1_6' title='bbox 427 505 483 559; x_wconf 89' lang='lat' dir='ltr'><strong>aut</strong></span> <span class='ocrx_word' id='word_1_7' title='bbox 506 496 576 560; x_wconf 88' lang='lat' dir='ltr'><strong>heri</strong></span> <span class='ocrx_word' id='word_1_8' title='bbox 598 496 683 560; x_wconf 90' lang='lat' dir='ltr'><strong>lotus</strong></span> <span class='ocrx_word' id='word_1_9' title='bbox 708 497 749 560; x_wconf 84' lang='lat' dir='ltr'><strong>sit</strong></span> <span class='ocrx_word' id='word_1_10' title='bbox 771 497 943 577; x_wconf 76' lang='lat' dir='ltr'><strong>Socrates,</strong></span> <span class='ocrx_word' id='word_1_11' title='bbox 964 503 1055 561; x_wconf 80' lang='lat' dir='ltr'><strong>&#39;vera</strong></span> <span class='ocrx_word' id='word_1_12' title='bbox 1083 497 1145 564; x_wconf 88' lang='lat' dir='ltr'><strong>erit</strong></span> 
     </span>
     <span class='ocr_line' id='line_1_3' title="bbox 142 588 1187 683; baseline -0.002 -19"><span class='ocrx_word' id='word_1_13' title='bbox 142 599 227 664; x_wconf 84' lang='lat' dir='ltr'><strong>aiens</strong></span> <span class='ocrx_word' id='word_1_14' title='bbox 248 597 442 664; x_wconf 77' lang='lat' dir='ltr'><strong>enuntiatiot</strong></span> <span class='ocrx_word' id='word_1_15' title='bbox 476 598 624 664; x_wconf 81' lang='lat' dir='ltr'><strong>Socrates</strong></span> <span class='ocrx_word' id='word_1_16' title='bbox 642 599 748 677; x_wconf 85' lang='lat' dir='ltr'><strong>lavat,</strong></span> <span class='ocrx_word' id='word_1_17' title='bbox 780 601 928 665; x_wconf 78' lang='lat' dir='ltr'>Socrates</span> <span class='ocrx_word' id='word_1_18' title='bbox 954 588 1024 664; x_wconf 85' lang='lat' dir='ltr'><strong>heri</strong></span> <span class='ocrx_word' id='word_1_19' title='bbox 1049 599 1145 683; x_wconf 75' lang='lat' dir='ltr'><strong>la&#39;vit3</strong></span> <span class='ocrx_word' id='word_1_20' title='bbox 1182 617 1187 636; x_wconf 80' lang='lat'><strong>¹</strong></span> 
     </span>
     <span class='ocr_line' id='line_1_4' title="bbox 142 695 1146 794; baseline 0 -28"><span class='ocrx_word' id='word_1_21' title='bbox 142 723 262 788; x_wconf 84' lang='lat' dir='ltr'><strong>negans</strong></span> <span class='ocrx_word' id='word_1_22' title='bbox 284 721 365 766; x_wconf 84' lang='lat' dir='ltr'><strong>vero</strong></span> <span class='ocrx_word' id='word_1_23' title='bbox 389 699 511 794; x_wconf 82' lang='lat' dir='ltr'><strong>oratio,</strong></span> <span class='ocrx_word' id='word_1_24' title='bbox 550 716 630 785; x_wconf 85' lang='lat' dir='ltr'><strong>quae</strong></span> <span class='ocrx_word' id='word_1_25' title='bbox 647 695 776 765; x_wconf 79' lang='lat' dir='ltr'><strong>&#39;auferre</strong></span> <span class='ocrx_word' id='word_1_26' title='bbox 803 700 913 766; x_wconf 86' lang='lat' dir='ltr'><strong>nititur</strong></span> <span class='ocrx_word' id='word_1_27' title='bbox 933 702 965 766; x_wconf 92' lang='lat' dir='ltr'><strong>id</strong></span> <span class='ocrx_word' id='word_1_28' title='bbox 986 703 1073 786; x_wconf 88' lang='lat' dir='ltr'><strong>quod</strong></span> <span class='ocrx_word' id='word_1_29' title='bbox 1098 715 1146 766; x_wconf 88' lang='lat' dir='ltr'><strong>est</strong></span> 
     </span>
     <span class='ocr_line' id='line_1_5' title="bbox 144 789 1146 888; baseline -0.006 -14"><span class='ocrx_word' id='word_1_30' title='bbox 144 817 197 874; x_wconf 78' lang='lat' dir='ltr'><strong>aut</strong></span> <span class='ocrx_word' id='word_1_31' title='bbox 217 805 298 881; x_wconf 79' lang='lat' dir='ltr'><strong>fuit,</strong></span> <span class='ocrx_word' id='word_1_32' title='bbox 337 803 503 868; x_wconf 75' lang='lat' dir='ltr'><strong>manifesto</strong></span> <span class='ocrx_word' id='word_1_33' title='bbox 527 803 607 867; x_wconf 81' lang='lat' dir='ltr'><strong>falsa</strong></span> <span class='ocrx_word' id='word_1_34' title='bbox 627 817 687 868; x_wconf 90' lang='lat' dir='ltr'><strong>est.</strong></span> <span class='ocrx_word' id='word_1_35' title='bbox 707 789 709 794; x_wconf 28' lang='lat'><strong>³</strong></span> <span class='ocrx_word' id='word_1_36' title='bbox 739 803 862 868; x_wconf 86' lang='lat' dir='ltr'>Contra</span> <span class='ocrx_word' id='word_1_37' title='bbox 883 805 910 868; x_wconf 91' lang='lat' dir='ltr'><strong>si</strong></span> <span class='ocrx_word' id='word_1_38' title='bbox 933 826 1035 888; x_wconf 87' lang='lat' dir='ltr'><strong>neque</strong></span> <span class='ocrx_word' id='word_1_39' title='bbox 1059 806 1146 870; x_wconf 88' lang='lat' dir='ltr'><strong>lavet</strong></span> 
     </span>
     <span class='ocr_line' id='line_1_6' title="bbox 143 905 1146 992; baseline 0 -20"><span class='ocrx_word' id='word_1_40' title='bbox 143 930 248 985; x_wconf 86' lang='lat' dir='ltr'><strong>nunc,</strong></span> <span class='ocrx_word' id='word_1_41' title='bbox 287 927 391 990; x_wconf 91' lang='lat' dir='ltr'><strong>neque</strong></span> <span class='ocrx_word' id='word_1_42' title='bbox 415 905 485 969; x_wconf 90' lang='lat' dir='ltr'><strong>heri</strong></span> <span class='ocrx_word' id='word_1_43' title='bbox 511 906 624 972; x_wconf 88' lang='lat' dir='ltr'><strong>laverit</strong></span> <span class='ocrx_word' id='word_1_44' title='bbox 650 908 820 984; x_wconf 87' lang='lat' dir='ltr'><strong>Socrates,</strong></span> <span class='ocrx_word' id='word_1_45' title='bbox 859 917 1025 992; x_wconf 82' lang='lat' dir='ltr'>negantem</span> <span class='ocrx_word' id='word_1_46' title='bbox 1047 929 1146 972; x_wconf 89' lang='lat' dir='ltr'><strong>enun-</strong></span> 
     </span>
     <span class='ocr_line' id='line_1_7' title="bbox 143 1009 1145 1093; baseline -0.002 -17"><span class='ocrx_word' id='word_1_47' title='bbox 143 1011 305 1076; x_wconf 87' lang='lat' dir='ltr'><strong>tiationem</strong></span> <span class='ocrx_word' id='word_1_48' title='bbox 328 1009 396 1073; x_wconf 90' lang='lat' dir='ltr'><strong>sive</strong></span> <span class='ocrx_word' id='word_1_49' title='bbox 414 1010 452 1072; x_wconf 96' lang='lat' dir='ltr'><strong>de</strong></span> <span class='ocrx_word' id='word_1_50' title='bbox 468 1010 645 1091; x_wconf 80' lang='lat' dir='ltr'><strong>praesenti,</strong></span> <span class='ocrx_word' id='word_1_51' title='bbox 681 1009 748 1074; x_wconf 86' lang='lat' dir='ltr'><strong>slve</strong></span> <span class='ocrx_word' id='word_1_52' title='bbox 766 1013 804 1073; x_wconf 93' lang='lat' dir='ltr'><strong>de</strong></span> <span class='ocrx_word' id='word_1_53' title='bbox 819 1011 991 1093; x_wconf 89' lang='lat' dir='ltr'><strong>praeterito</strong></span> <span class='ocrx_word' id='word_1_54' title='bbox 1013 1022 1145 1082; x_wconf 87' lang='lat' dir='ltr'><strong>sumtam</strong></span> 
     </span>
     <span class='ocr_line' id='line_1_8' title="bbox 145 1112 1146 1196; baseline -0.001 -18"><span class='ocrx_word' id='word_1_55' title='bbox 145 1136 253 1178; x_wconf 86' lang='lat' dir='ltr'><strong>veram</strong></span> <span class='ocrx_word' id='word_1_56' title='bbox 273 1133 341 1176; x_wconf 90' lang='lat' dir='ltr'><strong>esse</strong></span> <span class='ocrx_word' id='word_1_57' title='bbox 358 1133 487 1176; x_wconf 90' lang='lat' dir='ltr'><strong>neeesse</strong></span> <span class='ocrx_word' id='word_1_58' title='bbox 513 1125 582 1190; x_wconf 87' lang='lat' dir='ltr'><strong>est,</strong></span> <span class='ocrx_word' id='word_1_59' title='bbox 622 1125 733 1177; x_wconf 89' lang='lat' dir='ltr'><strong>contra</strong></span> <span class='ocrx_word' id='word_1_60' title='bbox 759 1134 827 1176; x_wconf 90' lang='lat' dir='ltr'><strong>eam</strong></span> <span class='ocrx_word' id='word_1_61' title='bbox 852 1134 932 1196; x_wconf 89' lang='lat' dir='ltr'><strong>quae</strong></span> <span class='ocrx_word' id='word_1_62' title='bbox 953 1113 987 1176; x_wconf 92' lang='lat' dir='ltr'><strong>id</strong></span> <span class='ocrx_word' id='word_1_63' title='bbox 1007 1112 1050 1176; x_wconf 84' lang='lat' dir='ltr'><strong>ait</strong></span> <span class='ocrx_word' id='word_1_64' title='bbox 1076 1134 1146 1178; x_wconf 86' lang='lat' dir='ltr'><strong>esse</strong></span> 
     </span>
     <span class='ocr_line' id='line_1_9' title="bbox 143 1215 1146 1298; baseline 0 -18"><span class='ocrx_word' id='word_1_65' title='bbox 143 1229 197 1280; x_wconf 88' lang='lat' dir='ltr'><strong>aut</strong></span> <span class='ocrx_word' id='word_1_66' title='bbox 223 1216 339 1292; x_wconf 81' lang='lat' dir='ltr'><strong>fuisse,</strong></span> <span class='ocrx_word' id='word_1_67' title='bbox 375 1217 463 1298; x_wconf 88' lang='lat' dir='ltr'><strong>quod</strong></span> <span class='ocrx_word' id='word_1_68' title='bbox 494 1236 552 1278; x_wconf 89' lang='lat' dir='ltr'><strong>nec</strong></span> <span class='ocrx_word' id='word_1_69' title='bbox 582 1227 646 1293; x_wconf 89' lang='lat' dir='ltr'><strong>est,</strong></span> <span class='ocrx_word' id='word_1_70' title='bbox 684 1238 744 1280; x_wconf 85' lang='lat' dir='ltr'><strong>nee</strong></span> <span class='ocrx_word' id='word_1_71' title='bbox 766 1216 849 1294; x_wconf 84' lang='lat' dir='ltr'><strong>fuit,</strong></span> <span class='ocrx_word' id='word_1_72' title='bbox 882 1215 1005 1283; x_wconf 83' lang='lat' dir='ltr'><strong>falsam.</strong></span> <span class='ocrx_word' id='word_1_73' title='bbox 1050 1215 1146 1281; x_wconf 85' lang='lat' dir='ltr'><strong>Circa</strong></span> 
     </span>
     <span class='ocr_line' id='line_1_10' title="bbox 143 1318 1146 1402; baseline -0.001 -18"><span class='ocrx_word' id='word_1_74' title='bbox 143 1332 269 1402; x_wconf 88' lang='lat' dir='ltr'><strong>tempus</strong></span> <span class='ocrx_word' id='word_1_75' title='bbox 294 1339 374 1383; x_wconf 90' lang='lat' dir='ltr'><strong>vero</strong></span> <span class='ocrx_word' id='word_1_76' title='bbox 399 1319 542 1384; x_wconf 66' lang='lat' dir='ltr'><strong>suerrum</strong></span> <span class='ocrx_word' id='word_1_77' title='bbox 567 1318 642 1382; x_wconf 88' lang='lat' dir='ltr'><strong>dicit</strong></span> <span class='ocrx_word' id='word_1_78' title='bbox 663 1319 755 1384; x_wconf 86' lang='lat' dir='ltr'><strong>etiam</strong></span> <span class='ocrx_word' id='word_1_79' title='bbox 781 1320 814 1383; x_wconf 92' lang='lat' dir='ltr'><strong>in</strong></span> <span class='ocrx_word' id='word_1_80' title='bbox 843 1319 887 1384; x_wconf 89' lang='lat' dir='ltr'><strong>eis</strong></span> <span class='ocrx_word' id='word_1_81' title='bbox 918 1319 1146 1384; x_wconf 79' lang='lat' dir='ltr'><strong>enuntiationes</strong></span> 
     </span>
     <span class='ocr_line' id='line_1_11' title="bbox 144 1423 1164 1505; baseline -0.002 -19"><span class='ocrx_word' id='word_1_82' title='bbox 144 1425 184 1486; x_wconf 91' lang='lat' dir='ltr'><strong>de</strong></span> <span class='ocrx_word' id='word_1_83' title='bbox 212 1441 394 1505; x_wconf 78' lang='lat' dir='ltr'><strong>nequaque</strong></span> <span class='ocrx_word' id='word_1_84' title='bbox 426 1433 486 1486; x_wconf 88' lang='lat' dir='ltr'><strong>aut·</strong></span> <span class='ocrx_word' id='word_1_85' title='bbox 506 1444 599 1487; x_wconf 79' lang='lat' dir='ltr'><strong>veras</strong></span> <span class='ocrx_word' id='word_1_86' title='bbox 623 1444 691 1486; x_wconf 90' lang='lat' dir='ltr'><strong>esse</strong></span> <span class='ocrx_word' id='word_1_87' title='bbox 717 1435 770 1486; x_wconf 89' lang='lat' dir='ltr'><strong>aut</strong></span> <span class='ocrx_word' id='word_1_88' title='bbox 797 1423 915 1502; x_wconf 85' lang='lat' dir='ltr'><strong>salsas,</strong></span> <span class='ocrx_word' id='word_1_89' title='bbox 949 1445 1014 1488; x_wconf 90' lang='lat' dir='ltr'><strong>non</strong></span> <span class='ocrx_word' id='word_1_90' title='bbox 1041 1436 1164 1488; x_wconf 85' lang='lat' dir='ltr'><strong>tamen.</strong></span> 
     </span>
     <span class='ocr_line' id='line_1_12' title="bbox 143 1525 1145 1610; baseline 0 -20"><span class='ocrx_word' id='word_1_91' title='bbox 143 1529 257 1591; x_wconf 88' lang='lat' dir='ltr'><strong>eodem</strong></span> <span class='ocrx_word' id='word_1_92' title='bbox 276 1527 374 1590; x_wconf 82' lang='lat' dir='ltr'><strong>modo</strong></span> <span class='ocrx_word' id='word_1_93' title='bbox 396 1547 461 1607; x_wconf 91' lang='lat' dir='ltr'><strong>quo</strong></span> <span class='ocrx_word' id='word_1_94' title='bbox 483 1525 567 1590; x_wconf 87' lang='lat' dir='ltr'><strong>eirca</strong></span> <span class='ocrx_word' id='word_1_95' title='bbox 587 1538 711 1608; x_wconf 91' lang='lat' dir='ltr'><strong>tempus</strong></span> <span class='ocrx_word' id='word_1_96' title='bbox 730 1538 784 1590; x_wconf 88' lang='lat' dir='ltr'><strong>aut</strong></span> <span class='ocrx_word' id='word_1_97' title='bbox 803 1549 952 1609; x_wconf 90' lang='lat' dir='ltr'><strong>praesens</strong></span> <span class='ocrx_word' id='word_1_98' title='bbox 979 1538 1032 1590; x_wconf 87' lang='lat' dir='ltr'><strong>aut</strong></span> <span class='ocrx_word' id='word_1_99' title='bbox 1051 1547 1145 1610; x_wconf 88' lang='lat' dir='ltr'><strong>prae·</strong></span> 
     </span>
     <span class='ocr_line' id='line_1_13' title="bbox 142 1628 1146 1712; baseline -0.001 -18"><span class='ocrx_word' id='word_1_100' title='bbox 142 1628 285 1694; x_wconf 75' lang='lat' dir='ltr'><strong>teritum.</strong></span> <span class='ocrx_word' id='word_1_101' title='bbox 328 1629 442 1712; x_wconf 84' lang='lat' dir='ltr'><strong>Neque</strong></span> <span class='ocrx_word' id='word_1_102' title='bbox 460 1629 542 1693; x_wconf 88' lang='lat' dir='ltr'><strong>enim</strong></span> <span class='ocrx_word' id='word_1_103' title='bbox 564 1629 688 1693; x_wconf 88' lang='lat' dir='ltr'><strong>definite</strong></span> <span class='ocrx_word' id='word_1_104' title='bbox 707 1629 767 1692; x_wconf 90' lang='lat' dir='ltr'><strong>dici</strong></span> <span class='ocrx_word' id='word_1_105' title='bbox 788 1641 916 1711; x_wconf 89' lang='lat' dir='ltr'><strong>potest,</strong></span> <span class='ocrx_word' id='word_1_106' title='bbox 946 1641 1018 1692; x_wconf 91' lang='lat' dir='ltr'><strong>utra</strong></span> <span class='ocrx_word' id='word_1_107' title='bbox 1039 1651 1146 1693; x_wconf 87' lang='lat' dir='ltr'><strong>earum</strong></span> 
     </span>
     <span class='ocr_line' id='line_1_14' title="bbox 143 1729 1143 1816; baseline -0.002 -18"><span class='ocrx_word' id='word_1_108' title='bbox 143 1754 220 1798; x_wconf 85' lang='lat' dir='ltr'><strong>vera</strong></span> <span class='ocrx_word' id='word_1_109' title='bbox 248 1729 290 1796; x_wconf 88' lang='lat' dir='ltr'><strong>sit</strong></span> <span class='ocrx_word' id='word_1_110' title='bbox 312 1731 434 1808; x_wconf 79' lang='lat' dir='ltr'><strong>sunna,</strong></span> <span class='ocrx_word' id='word_1_111' title='bbox 468 1746 541 1796; x_wconf 85' lang='lat' dir='ltr'><strong>utra</strong></span> <span class='ocrx_word' id='word_1_112' title='bbox 565 1732 662 1810; x_wconf 82' lang='lat' dir='ltr'><strong>falsa,</strong></span> <span class='ocrx_word' id='word_1_113' title='bbox 693 1733 842 1816; x_wconf 87' lang='lat' dir='ltr'><strong>quamdiu</strong></span> <span class='ocrx_word' id='word_1_114' title='bbox 858 1754 910 1797; x_wconf 89' lang='lat' dir='ltr'><strong>res</strong></span> <span class='ocrx_word' id='word_1_115' title='bbox 931 1753 997 1798; x_wconf 87' lang='lat' dir='ltr'><strong>non</strong></span> <span class='ocrx_word' id='word_1_116' title='bbox 1018 1733 1143 1810; x_wconf 84' lang='lat' dir='ltr'><strong>evenit,</strong></span> 
     </span>
     <span class='ocr_line' id='line_1_15' title="bbox 141 1834 860 1920; baseline -0.004 -19"><span class='ocrx_word' id='word_1_117' title='bbox 141 1845 315 1920; x_wconf 85' lang='lat' dir='ltr'><strong>potestque</strong></span> <span class='ocrx_word' id='word_1_118' title='bbox 337 1834 389 1898; x_wconf 88' lang='lat' dir='ltr'><strong>vel</strong></span> <span class='ocrx_word' id='word_1_119' title='bbox 410 1836 536 1900; x_wconf 90' lang='lat' dir='ltr'><strong>evenire</strong></span> <span class='ocrx_word' id='word_1_120' title='bbox 558 1837 612 1900; x_wconf 85' lang='lat' dir='ltr'><strong>vel</strong></span> <span class='ocrx_word' id='word_1_121' title='bbox 633 1857 698 1899; x_wconf 89' lang='lat' dir='ltr'><strong>non</strong></span> <span class='ocrx_word' id='word_1_122' title='bbox 720 1835 860 1900; x_wconf 87' lang='lat' dir='ltr'><strong>evenire.</strong></span> 
     </span>
     <span class='ocr_line' id='line_1_16' title="bbox 597 1940 768 2017; baseline 0 0"><span class='ocrx_word' id='word_1_123' title='bbox 597 1946 630 2017; x_wconf 87' lang='lat'><strong>§·</strong></span> <span class='ocrx_word' id='word_1_124' title='bbox 659 1940 692 2002; x_wconf 76' lang='lat'><strong>2.</strong></span> <span class='ocrx_word' id='word_1_125' title='bbox 764 1981 768 1988; x_wconf 95' lang='lat'>·</span> 
     </span>
    </p>

    <p class='ocr_par' dir='ltr' id='par_1_3' title="bbox 136 2039 1205 3987">
     <span class='ocr_line' id='line_1_17' title="bbox 208 2039 1145 2128; baseline 0.001 -22"><span class='ocrx_word' id='word_1_126' title='bbox 208 2042 276 2106; x_wconf 87' lang='lat' dir='ltr'><strong>Ista</strong></span> <span class='ocrx_word' id='word_1_127' title='bbox 294 2061 374 2125; x_wconf 88' lang='lat' dir='ltr'><strong>quae</strong></span> <span class='ocrx_word' id='word_1_128' title='bbox 392 2039 445 2104; x_wconf 90' lang='lat' dir='ltr'><strong>hie</strong></span> <span class='ocrx_word' id='word_1_129' title='bbox 466 2045 505 2105; x_wconf 84' lang='lat' dir='ltr'><strong>ab</strong></span> <span class='ocrx_word' id='word_1_130' title='bbox 527 2042 704 2107; x_wconf 85' lang='lat' dir='ltr'><strong>Aristotele</strong></span> <span class='ocrx_word' id='word_1_131' title='bbox 725 2055 872 2109; x_wconf 87' lang='lat' dir='ltr'><strong>movetur</strong></span> <span class='ocrx_word' id='word_1_132' title='bbox 894 2041 1035 2128; x_wconf 86' lang='lat' dir='ltr'><strong>quaestio</strong></span> <span class='ocrx_word' id='word_1_133' title='bbox 1057 2042 1145 2107; x_wconf 84' lang='lat' dir='ltr'><strong>vide-</strong></span> 
     </span>
     <span class='ocr_line' id='line_1_18' title="bbox 143 2143 1145 2231; baseline 0 -22"><span class='ocrx_word' id='word_1_134' title='bbox 143 2157 196 2209; x_wconf 88' lang='lat' dir='ltr'><strong>tur</strong></span> <span class='ocrx_word' id='word_1_135' title='bbox 224 2143 351 2228; x_wconf 90' lang='lat' dir='ltr'><strong>quidem</strong></span> <span class='ocrx_word' id='word_1_136' title='bbox 370 2145 410 2208; x_wconf 91' lang='lat' dir='ltr'><strong>ad</strong></span> <span class='ocrx_word' id='word_1_137' title='bbox 436 2147 518 2210; x_wconf 89' lang='lat' dir='ltr'><strong>hanc</strong></span> <span class='ocrx_word' id='word_1_138' title='bbox 542 2147 719 2228; x_wconf 82' lang='lat' dir='ltr'><strong>disputandi</strong></span> <span class='ocrx_word' id='word_1_139' title='bbox 743 2159 841 2212; x_wconf 89' lang='lat' dir='ltr'><strong>artem</strong></span> <span class='ocrx_word' id='word_1_140' title='bbox 866 2147 1044 2231; x_wconf 72' lang='lat' dir='ltr'><strong>pertineret</strong></span> <span class='ocrx_word' id='word_1_141' title='bbox 1073 2167 1145 2209; x_wconf 89' lang='lat' dir='ltr'><strong>eae-</strong></span> 
     </span>
     <span class='ocr_line' id='line_1_19' title="bbox 143 2249 1145 2333; baseline 0.003 -22"><span class='ocrx_word' id='word_1_142' title='bbox 143 2259 248 2312; x_wconf 88' lang='lat' dir='ltr'><strong>terum</strong></span> <span class='ocrx_word' id='word_1_143' title='bbox 267 2251 306 2311; x_wconf 89' lang='lat' dir='ltr'><strong>ad</strong></span> <span class='ocrx_word' id='word_1_144' title='bbox 325 2268 433 2312; x_wconf 90' lang='lat' dir='ltr'><strong>omnes</strong></span> <span class='ocrx_word' id='word_1_145' title='bbox 451 2249 671 2332; x_wconf 89' lang='lat' dir='ltr'><strong>philosophiae</strong></span> <span class='ocrx_word' id='word_1_146' title='bbox 692 2263 799 2333; x_wconf 89' lang='lat' dir='ltr'><strong>partes</strong></span> <span class='ocrx_word' id='word_1_147' title='bbox 816 2273 908 2314; x_wconf 88' lang='lat' dir='ltr'><strong>usum</strong></span> <span class='ocrx_word' id='word_1_148' title='bbox 921 2252 1017 2314; x_wconf 87' lang='lat' dir='ltr'><strong>habet</strong></span> <span class='ocrx_word' id='word_1_149' title='bbox 1036 2271 1145 2314; x_wconf 87' lang='lat' dir='ltr'><strong>neces-</strong></span> 
     </span>
     <span class='ocr_line' id='line_1_20' title="bbox 144 2351 1146 2438; baseline 0.002 -23"><span class='ocrx_word' id='word_1_150' title='bbox 144 2351 275 2416; x_wconf 85' lang='lat' dir='ltr'><strong>sarium.</strong></span> <span class='ocrx_word' id='word_1_151' title='bbox 317 2353 399 2416; x_wconf 87' lang='lat' dir='ltr'><strong>Nam</strong></span> <span class='ocrx_word' id='word_1_152' title='bbox 424 2354 464 2416; x_wconf 89' lang='lat' dir='ltr'><strong>ad</strong></span> <span class='ocrx_word' id='word_1_153' title='bbox 493 2355 645 2418; x_wconf 87' lang='lat' dir='ltr'><strong>moralem</strong></span> <span class='ocrx_word' id='word_1_154' title='bbox 673 2367 795 2438; x_wconf 86' lang='lat' dir='ltr'><strong>partem</strong></span> <span class='ocrx_word' id='word_1_155' title='bbox 819 2354 988 2438; x_wconf 86' lang='lat' dir='ltr'><strong>sapientiae</strong></span> <span class='ocrx_word' id='word_1_156' title='bbox 1017 2354 1146 2417; x_wconf 88' lang='lat' dir='ltr'><strong>omnino</strong></span> 
     </span>
     <span class='ocr_line' id='line_1_21' title="bbox 143 2455 1205 2534; baseline 0.005 -15"><span class='ocrx_word' id='word_1_157' title='bbox 143 2455 178 2520; x_wconf 92' lang='lat' dir='ltr'><strong>id</strong></span> <span class='ocrx_word' id='word_1_158' title='bbox 194 2455 310 2520; x_wconf 78' lang='lat' dir='ltr'><strong>assunn</strong></span> <span class='ocrx_word' id='word_1_159' title='bbox 333 2476 465 2521; x_wconf 90' lang='lat' dir='ltr'><strong>necesse</strong></span> <span class='ocrx_word' id='word_1_160' title='bbox 486 2468 555 2534; x_wconf 90' lang='lat' dir='ltr'><strong>est,</strong></span> <span class='ocrx_word' id='word_1_161' title='bbox 590 2479 654 2522; x_wconf 91' lang='lat' dir='ltr'><strong>non</strong></span> <span class='ocrx_word' id='word_1_162' title='bbox 679 2458 784 2523; x_wconf 86' lang='lat' dir='ltr'><strong>omnia</strong></span> <span class='ocrx_word' id='word_1_163' title='bbox 804 2479 846 2520; x_wconf 89' lang='lat' dir='ltr'><strong>ex</strong></span> <span class='ocrx_word' id='word_1_164' title='bbox 871 2456 1056 2520; x_wconf 88' lang='lat' dir='ltr'><strong>necessitate</strong></span> <span class='ocrx_word' id='word_1_165' title='bbox 1077 2477 1146 2520; x_wconf 88' lang='lat' dir='ltr'><strong>esse</strong></span> <span class='ocrx_word' id='word_1_166' title='bbox 1201 2507 1205 2524; x_wconf 93' lang='lat'><strong>.</strong></span> 
     </span>
     <span class='ocr_line' id='line_1_22' title="bbox 145 2558 1147 2645; baseline 0 -23"><span class='ocrx_word' id='word_1_167' title='bbox 145 2581 183 2623; x_wconf 89' lang='lat' dir='ltr'><strong>ae</strong></span> <span class='ocrx_word' id='word_1_168' title='bbox 202 2559 291 2637; x_wconf 88' lang='lat' dir='ltr'><strong>fieri,</strong></span> <span class='ocrx_word' id='word_1_169' title='bbox 315 2563 371 2623; x_wconf 90' lang='lat' dir='ltr'><strong>sed</strong></span> <span class='ocrx_word' id='word_1_170' title='bbox 390 2582 459 2624; x_wconf 91' lang='lat' dir='ltr'><strong>esse</strong></span> <span class='ocrx_word' id='word_1_171' title='bbox 473 2574 504 2623; x_wconf 85' lang='lat' dir='ltr'><strong>et</strong></span> <span class='ocrx_word' id='word_1_172' title='bbox 521 2563 673 2645; x_wconf 87' lang='lat' dir='ltr'><strong>quaedam</strong></span> <span class='ocrx_word' id='word_1_173' title='bbox 695 2562 727 2625; x_wconf 88' lang='lat' dir='ltr'><strong>iu</strong></span> <span class='ocrx_word' id='word_1_174' title='bbox 748 2574 858 2625; x_wconf 87' lang='lat' dir='ltr'><strong>nostra</strong></span> <span class='ocrx_word' id='word_1_175' title='bbox 871 2571 1040 2642; x_wconf 84' lang='lat' dir='ltr'><strong>potestate.</strong></span> <span class='ocrx_word' id='word_1_176' title='bbox 1064 2558 1147 2640; x_wconf 85' lang='lat' dir='ltr'><strong>Quia</strong></span> 
     </span>
     <span class='ocr_line' id='line_1_23' title="bbox 145 2662 1145 2746; baseline -0.002 -20"><span class='ocrx_word' id='word_1_177' title='bbox 145 2663 229 2726; x_wconf 90' lang='lat' dir='ltr'><strong>enim</strong></span> <span class='ocrx_word' id='word_1_178' title='bbox 247 2668 439 2746; x_wconf 85' lang='lat' dir='ltr'><strong>quarundam</strong></span> <span class='ocrx_word' id='word_1_179' title='bbox 467 2664 624 2729; x_wconf 87' lang='lat' dir='ltr'><strong>actionum</strong></span> <span class='ocrx_word' id='word_1_180' title='bbox 645 2686 751 2728; x_wconf 90' lang='lat' dir='ltr'><strong>sumus</strong></span> <span class='ocrx_word' id='word_1_181' title='bbox 774 2664 915 2740; x_wconf 91' lang='lat' dir='ltr'><strong>domini,</strong></span> <span class='ocrx_word' id='word_1_182' title='bbox 947 2668 978 2725; x_wconf 83' lang='lat' dir='ltr'><strong>et</strong></span> <span class='ocrx_word' id='word_1_183' title='bbox 1000 2662 1032 2724; x_wconf 93' lang='lat' dir='ltr'><strong>in</strong></span> <span class='ocrx_word' id='word_1_184' title='bbox 1053 2662 1145 2726; x_wconf 92' lang='lat' dir='ltr'><strong>nobis</strong></span> 
     </span>
     <span class='ocr_line' id='line_1_24' title="bbox 145 2765 1147 2853; baseline -0.002 -23"><span class='ocrx_word' id='word_1_185' title='bbox 145 2778 195 2830; x_wconf 84' lang='lat' dir='ltr'><strong>est</strong></span> <span class='ocrx_word' id='word_1_186' title='bbox 224 2767 303 2831; x_wconf 87' lang='lat' dir='ltr'><strong>haec</strong></span> <span class='ocrx_word' id='word_1_187' title='bbox 334 2769 410 2832; x_wconf 87' lang='lat' dir='ltr'><strong>talia</strong></span> <span class='ocrx_word' id='word_1_188' title='bbox 436 2769 574 2853; x_wconf 85' lang='lat' dir='ltr'><strong>deligere</strong></span> <span class='ocrx_word' id='word_1_189' title='bbox 604 2781 657 2832; x_wconf 88' lang='lat' dir='ltr'><strong>aut</strong></span> <span class='ocrx_word' id='word_1_190' title='bbox 685 2791 749 2833; x_wconf 90' lang='lat' dir='ltr'><strong>non</strong></span> <span class='ocrx_word' id='word_1_191' title='bbox 775 2767 933 2852; x_wconf 83' lang='lat' dir='ltr'><strong>deligere,</strong></span> <span class='ocrx_word' id='word_1_192' title='bbox 966 2765 1072 2830; x_wconf 80' lang='lat' dir='ltr'><strong>facere</strong></span> <span class='ocrx_word' id='word_1_193' title='bbox 1095 2777 1147 2828; x_wconf 91' lang='lat' dir='ltr'><strong>aut</strong></span> 
     </span>
     <span class='ocr_line' id='line_1_25' title="bbox 144 2869 1145 2956; baseline -0.002 -22"><span class='ocrx_word' id='word_1_194' title='bbox 144 2890 208 2934; x_wconf 86' lang='lat' dir='ltr'><strong>non</strong></span> <span class='ocrx_word' id='word_1_195' title='bbox 235 2871 360 2950; x_wconf 78' lang='lat' dir='ltr'><strong>faeere,</strong></span> <span class='ocrx_word' id='word_1_196' title='bbox 399 2872 472 2936; x_wconf 89' lang='lat' dir='ltr'><strong>ideo</strong></span> <span class='ocrx_word' id='word_1_197' title='bbox 505 2874 658 2956; x_wconf 89' lang='lat' dir='ltr'><strong>quosdam</strong></span> <span class='ocrx_word' id='word_1_198' title='bbox 692 2871 821 2936; x_wconf 89' lang='lat' dir='ltr'><strong>dilectus</strong></span> <span class='ocrx_word' id='word_1_199' title='bbox 857 2891 925 2932; x_wconf 87' lang='lat' dir='ltr'><strong>esse</strong></span> <span class='ocrx_word' id='word_1_200' title='bbox 952 2869 1145 2945; x_wconf 88' lang='lat' dir='ltr'><strong>laudabiles,</strong></span> 
     </span>
     <span class='ocr_line' id='line_1_26' title="bbox 144 2971 1146 3062; baseline -0.002 -25"><span class='ocrx_word' id='word_1_201' title='bbox 144 2971 222 3038; x_wconf 86' lang='lat' dir='ltr'><strong>alios</strong></span> <span class='ocrx_word' id='word_1_202' title='bbox 251 2973 428 3059; x_wconf 86' lang='lat' dir='ltr'><strong>vituperari</strong></span> <span class='ocrx_word' id='word_1_203' title='bbox 458 2976 572 3062; x_wconf 82' lang='lat' dir='ltr'><strong>dignos</strong></span> <span class='ocrx_word' id='word_1_204' title='bbox 603 2976 756 3051; x_wconf 72' lang='lat' dir='ltr'><strong>diurnus,</strong></span> <span class='ocrx_word' id='word_1_205' title='bbox 795 2973 962 3056; x_wconf 87' lang='lat' dir='ltr'><strong>itidemque</strong></span> <span class='ocrx_word' id='word_1_206' title='bbox 993 2972 1146 3037; x_wconf 88' lang='lat' dir='ltr'><strong>actiones.</strong></span> 
     </span>
     <span class='ocr_line' id='line_1_27' title="bbox 145 3075 1147 3163; baseline -0.003 -23"><span class='ocrx_word' id='word_1_207' title='bbox 145 3075 189 3140; x_wconf 88' lang='lat' dir='ltr'><strong>Et</strong></span> <span class='ocrx_word' id='word_1_208' title='bbox 214 3078 254 3141; x_wconf 87' lang='lat' dir='ltr'><strong>ad</strong></span> <span class='ocrx_word' id='word_1_209' title='bbox 280 3078 428 3142; x_wconf 90' lang='lat' dir='ltr'><strong>honestas</strong></span> <span class='ocrx_word' id='word_1_210' title='bbox 451 3079 576 3163; x_wconf 91' lang='lat' dir='ltr'><strong>quidem</strong></span> <span class='ocrx_word' id='word_1_211' title='bbox 601 3091 633 3143; x_wconf 92' lang='lat' dir='ltr'><strong>et</strong></span> <span class='ocrx_word' id='word_1_212' title='bbox 656 3081 775 3162; x_wconf 87' lang='lat' dir='ltr'><strong>probas</strong></span> <span class='ocrx_word' id='word_1_213' title='bbox 806 3077 884 3141; x_wconf 89' lang='lat' dir='ltr'><strong>alios</strong></span> <span class='ocrx_word' id='word_1_214' title='bbox 917 3078 1062 3140; x_wconf 86' lang='lat' dir='ltr'><strong>volumus</strong></span> <span class='ocrx_word' id='word_1_215' title='bbox 1092 3077 1147 3138; x_wconf 90' lang='lat' dir='ltr'><strong>ad-</strong></span> 
     </span>
     <span class='ocr_line' id='line_1_28' title="bbox 142 3177 1147 3268; baseline 0.001 -27"><span class='ocrx_word' id='word_1_216' title='bbox 142 3177 286 3256; x_wconf 86' lang='lat' dir='ltr'><strong>hortari,</strong></span> <span class='ocrx_word' id='word_1_217' title='bbox 309 3183 472 3247; x_wconf 84' lang='lat' dir='ltr'><strong>dehortari</strong></span> <span class='ocrx_word' id='word_1_218' title='bbox 494 3204 573 3248; x_wconf 86' lang='lat' dir='ltr'><strong>vero</strong></span> <span class='ocrx_word' id='word_1_219' title='bbox 592 3206 611 3248; x_wconf 88' lang='lat' dir='ltr'><strong>a</strong></span> <span class='ocrx_word' id='word_1_220' title='bbox 628 3181 811 3246; x_wconf 88' lang='lat' dir='ltr'><strong>contrariis.</strong></span> <span class='ocrx_word' id='word_1_221' title='bbox 855 3182 979 3268; x_wconf 79' lang='lat' dir='ltr'><strong>Verutn</strong></span> <span class='ocrx_word' id='word_1_222' title='bbox 996 3178 1089 3241; x_wconf 89' lang='lat' dir='ltr'><strong>etiam</strong></span> <span class='ocrx_word' id='word_1_223' title='bbox 1109 3181 1147 3242; x_wconf 92' lang='lat' dir='ltr'><strong>ad</strong></span> 
     </span>
     <span class='ocr_line' id='line_1_29' title="bbox 143 3281 1147 3368; baseline 0 -25"><span class='ocrx_word' id='word_1_224' title='bbox 143 3291 276 3344; x_wconf 66' lang='lat' dir='ltr'><strong>naneae</strong></span> <span class='ocrx_word' id='word_1_225' title='bbox 291 3285 503 3368; x_wconf 86' lang='lat' dir='ltr'><strong>cognitionem</strong></span> <span class='ocrx_word' id='word_1_226' title='bbox 521 3287 605 3351; x_wconf 86' lang='lat' dir='ltr'><strong>utilis</strong></span> <span class='ocrx_word' id='word_1_227' title='bbox 622 3287 748 3352; x_wconf 86' lang='lat' dir='ltr'><strong>videtur</strong></span> <span class='ocrx_word' id='word_1_228' title='bbox 767 3287 846 3348; x_wconf 87' lang='lat' dir='ltr'><strong>haee</strong></span> <span class='ocrx_word' id='word_1_229' title='bbox 863 3281 1019 3367; x_wconf 87' lang='lat' dir='ltr'><strong>quaestio.</strong></span> <span class='ocrx_word' id='word_1_230' title='bbox 1064 3281 1147 3344; x_wconf 86' lang='lat' dir='ltr'><strong>Nam</strong></span> 
     </span>
     <span class='ocr_line' id='line_1_30' title="bbox 143 3384 1147 3475; baseline 0 -27"><span class='ocrx_word' id='word_1_231' title='bbox 143 3395 177 3448; x_wconf 88' lang='lat' dir='ltr'><strong>et</strong></span> <span class='ocrx_word' id='word_1_232' title='bbox 201 3395 332 3448; x_wconf 87' lang='lat' dir='ltr'><strong>naturae</strong></span> <span class='ocrx_word' id='word_1_233' title='bbox 353 3401 512 3455; x_wconf 86' lang='lat' dir='ltr'><strong>scrutator</strong></span> <span class='ocrx_word' id='word_1_234' title='bbox 540 3391 622 3455; x_wconf 88' lang='lat' dir='ltr'><strong>solet</strong></span> <span class='ocrx_word' id='word_1_235' title='bbox 651 3411 803 3475; x_wconf 84' lang='lat' dir='ltr'><strong>quaerere</strong></span> <span class='ocrx_word' id='word_1_236' title='bbox 833 3409 871 3450; x_wconf 88' lang='lat' dir='ltr'><strong>an</strong></span> <span class='ocrx_word' id='word_1_237' title='bbox 901 3384 1004 3450; x_wconf 89' lang='lat' dir='ltr'><strong>omnia</strong></span> <span class='ocrx_word' id='word_1_238' title='bbox 1026 3405 1067 3447; x_wconf 81' lang='lat' dir='ltr'><strong>ex</strong></span> <span class='ocrx_word' id='word_1_239' title='bbox 1092 3405 1147 3448; x_wconf 88' lang='lat' dir='ltr'><strong>ne-</strong></span> 
     </span>
     <span class='ocr_line' id='line_1_31' title="bbox 144 3487 1148 3568; baseline 0 -16"><span class='ocrx_word' id='word_1_240' title='bbox 144 3487 290 3552; x_wconf 88' lang='lat' dir='ltr'><strong>cessitate</strong></span> <span class='ocrx_word' id='word_1_241' title='bbox 312 3488 410 3568; x_wconf 87' lang='lat' dir='ltr'><strong>fiant,</strong></span> <span class='ocrx_word' id='word_1_242' title='bbox 448 3515 488 3556; x_wconf 89' lang='lat' dir='ltr'><strong>au</strong></span> <span class='ocrx_word' id='word_1_243' title='bbox 509 3514 589 3557; x_wconf 84' lang='lat' dir='ltr'><strong>vero</strong></span> <span class='ocrx_word' id='word_1_244' title='bbox 615 3493 765 3556; x_wconf 87' lang='lat' dir='ltr'><strong>nonnulla</strong></span> <span class='ocrx_word' id='word_1_245' title='bbox 781 3493 867 3555; x_wconf 83' lang='lat' dir='ltr'><strong>forte</strong></span> <span class='ocrx_word' id='word_1_246' title='bbox 892 3501 925 3552; x_wconf 93' lang='lat' dir='ltr'><strong>et</strong></span> <span class='ocrx_word' id='word_1_247' title='bbox 953 3509 1039 3552; x_wconf 87' lang='lat' dir='ltr'><strong>casu.</strong></span> <span class='ocrx_word' id='word_1_248' title='bbox 1085 3487 1148 3552; x_wconf 91' lang='lat' dir='ltr'><strong>Sed</strong></span> 
     </span>
     <span class='ocr_line' id='line_1_32' title="bbox 142 3591 1149 3679; baseline 0 -25"><span class='ocrx_word' id='word_1_249' title='bbox 142 3610 243 3676; x_wconf 86' lang='lat' dir='ltr'><strong>neque</strong></span> <span class='ocrx_word' id='word_1_250' title='bbox 272 3591 373 3658; x_wconf 87' lang='lat' dir='ltr'><strong>minus</strong></span> <span class='ocrx_word' id='word_1_251' title='bbox 405 3598 445 3658; x_wconf 88' lang='lat' dir='ltr'><strong>ad</strong></span> <span class='ocrx_word' id='word_1_252' title='bbox 470 3596 647 3679; x_wconf 89' lang='lat' dir='ltr'><strong>disputandi</strong></span> <span class='ocrx_word' id='word_1_253' title='bbox 673 3609 773 3660; x_wconf 87' lang='lat' dir='ltr'><strong>artem</strong></span> <span class='ocrx_word' id='word_1_254' title='bbox 793 3596 857 3657; x_wconf 86' lang='lat' dir='ltr'><strong>hoo</strong></span> <span class='ocrx_word' id='word_1_255' title='bbox 877 3592 1026 3675; x_wconf 85' lang='lat' dir='ltr'><strong>pertinet.</strong></span> <span class='ocrx_word' id='word_1_256' title='bbox 1072 3592 1149 3656; x_wconf 86' lang='lat' dir='ltr'><strong>Hoc</strong></span> 
     </span>
     <span class='ocr_line' id='line_1_33' title="bbox 144 3694 1147 3782; baseline -0.001 -24"><span class='ocrx_word' id='word_1_257' title='bbox 144 3714 225 3780; x_wconf 84' lang='lat' dir='ltr'><strong>ergo</strong></span> <span class='ocrx_word' id='word_1_258' title='bbox 247 3694 309 3758; x_wconf 86' lang='lat' dir='ltr'><strong>iarn</strong></span> <span class='ocrx_word' id='word_1_259' title='bbox 331 3698 510 3780; x_wconf 84' lang='lat' dir='ltr'><strong>quaeritur,</strong></span> <span class='ocrx_word' id='word_1_260' title='bbox 544 3722 583 3762; x_wconf 87' lang='lat' dir='ltr'><strong>an</strong></span> <span class='ocrx_word' id='word_1_261' title='bbox 606 3699 707 3766; x_wconf 87' lang='lat' dir='ltr'><strong>omnis</strong></span> <span class='ocrx_word' id='word_1_262' title='bbox 734 3696 941 3782; x_wconf 82' lang='lat' dir='ltr'><strong>repugnantia</strong></span> <span class='ocrx_word' id='word_1_263' title='bbox 960 3694 1147 3760; x_wconf 89' lang='lat' dir='ltr'><strong>enuntiatio·</strong></span> 
     </span>
     <span class='ocr_line' id='line_1_34' title="bbox 141 3791 1146 3887; baseline -0.001 -27"><span class='ocrx_word' id='word_1_264' title='bbox 141 3817 214 3861; x_wconf 81' lang='lat' dir='ltr'><strong>num</strong></span> <span class='ocrx_word' id='word_1_265' title='bbox 242 3797 370 3864; x_wconf 78' lang='lat' dir='ltr'><strong>definite</strong></span> <span class='ocrx_word' id='word_1_266' title='bbox 397 3823 431 3866; x_wconf 89' lang='lat' dir='ltr'><strong>se</strong></span> <span class='ocrx_word' id='word_1_267' title='bbox 461 3803 619 3887; x_wconf 86' lang='lat' dir='ltr'><strong>dispescat</strong></span> <span class='ocrx_word' id='word_1_268' title='bbox 653 3804 686 3868; x_wconf 87' lang='lat' dir='ltr'><strong>in</strong></span> <span class='ocrx_word' id='word_1_269' title='bbox 716 3822 826 3865; x_wconf 88' lang='lat' dir='ltr'><strong>verum</strong></span> <span class='ocrx_word' id='word_1_270' title='bbox 858 3812 890 3863; x_wconf 85' lang='lat' dir='ltr'><strong>et</strong></span> <span class='ocrx_word' id='word_1_271' title='bbox 928 3791 1059 3874; x_wconf 82' lang='lat' dir='ltr'><strong>lalsum,</strong></span> <span class='ocrx_word' id='word_1_272' title='bbox 1108 3819 1146 3860; x_wconf 87' lang='lat' dir='ltr'><strong>an</strong></span> 
     </span>
     <span class='ocr_line' id='line_1_35' title="bbox 136 3901 1145 3987; baseline -0.003 -21"><span class='ocrx_word' id='word_1_273' title='bbox 136 3902 287 3984; x_wconf 60' lang='lat' dir='ltr'><strong>perdam</strong></span> <span class='ocrx_word' id='word_1_274' title='bbox 328 3903 500 3974; x_wconf 81' lang='lat' dir='ltr'><strong>indefinite.</strong></span> <span class='ocrx_word' id='word_1_275' title='bbox 558 3908 625 3972; x_wconf 86' lang='lat' dir='ltr'><strong>Sed</strong></span> <span class='ocrx_word' id='word_1_276' title='bbox 658 3918 690 3971; x_wconf 88' lang='lat' dir='ltr'><strong>et</strong></span> <span class='ocrx_word' id='word_1_277' title='bbox 728 3905 760 3971; x_wconf 86' lang='lat' dir='ltr'><strong>in</strong></span> <span class='ocrx_word' id='word_1_278' title='bbox 799 3903 932 3987; x_wconf 80' lang='lat' dir='ltr'><strong>primam</strong></span> <span class='ocrx_word' id='word_1_279' title='bbox 963 3901 1145 3986; x_wconf 85' lang='lat' dir='ltr'><strong>sapientiam</strong></span> 
     </span>
    </p>
   </div>
   <div class='ocr_carea' id='block_1_3' title="bbox 0 0 1402 4512">
    <p class='ocr_par' dir='ltr' id='par_1_4' title="bbox 0 0 1402 4512">
     <span class='ocr_line' id='line_1_36' title="bbox 0 0 1402 4512; baseline 0 0"><span class='ocrx_word' id='word_1_280' title='bbox 0 0 1402 4512; x_wconf 95' lang='lat' dir='ltr'><strong> </strong></span> 
     </span>
    </p>
   </div>
  </div>
 </body>
</html>
