2694 4508
232 285 273 348 16

224 456 280 522 καὶ
296 447 452 532 τοιαύτης
468 443 558 533 4),’
538 450 720 534 αναγκαῖον
735 442 779 524 άς
795 440 836 512 ἂν
846 441 901 538 ἔχη
919 439 962 510 τά
978 436 1133 530 γινόμενα
1155 438 1251 510 κατά

224 551 337 648 φύσιν,
354 549 459 628 ὁάτως
473 550 556 638 ἔχειν
571 555 626 618 καὶ
640 575 683 616 τα
669 543 780 616 καθ’
793 547 1001 666 έιμαρμένην.
1017 540 1175 612 Ἀλλά
1133 569 1201 631 μην
1216 545 1252 626 ⁵)

222 654 267 724 τά
286 650 442 776 γινόμενα
460 646 669 745 κατὰφύσιν
689 647 750 716 οὐκ
775 643 853 731 ἐξ
832 644 977 740 ανάγκης
996 646 1138 734 γίνεται,
1172 643 1249 714 ἀλλ’

223 759 313 826 ἔστιν
330 784 350 838 η
366 758 490 843 γένεσις
510 755 575 822 τῶν
594 747 680 820 ὁὺτω
697 753 875 872 γινομένων
900 749 1153 868 ἐμποδιζομένη,
1189 743 1250 815 διό

224 885 304 928 ποτε
317 853 413 947 μέν“
390 883 435 935 ως
453 859 503 922 ἐπὶ
517 879 557 920 το
543 852 725 924 πλεῖστον
741 854 869 939 γίνεται
881 848 970 934 6)
932 877 976 918 τα
987 846 1144 975 γινόμενμ
1158 849 1254 918 κατὰ

224 957 340 1056 φάσιν,
363 957 402 1028 οὗ
421 955 486 1080 μὴν
500 953 567 1039 ἐξ’
547 952 708 1080 ανάγκης,
727 951 841 1048 χάραν
853 952 919 1048 γάρ
934 957 968 1024 ἐν
982 950 1095 1033 άυτοῖς
1110 953 1252 1042 ἔχεικαὶ

224 1063 264 1134 τὸ
278 1060 373 1153 παρά
383 1059 518 1158 φύσιν,
527 1064 584 1126 καὶ
597 1059 721 1180 γίνεται
737 1053 802 1127 ὑπό
816 1082 908 1138 τινος
921 1054 1031 1135 άιτιας
1041 1057 1167 1152 ἔξωθεν
1180 1081 1252 1124 πα-

225 1165 510 1284 ρεμποδισθιίσης
521 1166 551 1244 7)
572 1163 631 1244 τῆς
655 1157 787 1256 φάσεως
808 1157 855 1240 εἰς
876 1159 915 1226 τὸ
937 1161 1033 1283 ἔργον
1054 1156 1093 1226 τὸ
1116 1160 1251 1243 ἑαυτῆς.

228 1266 325 1340 Λιὸ’
309 1265 383 1336 οάτι
402 1263 468 1349 ἐξ
448 1261 592 1354 ανάγκης
606 1262 791 1356 ἄνθρωπος
806 1265 839 1346 ἐξ
852 1259 1038 1386 ἀνθρώπου
1054 1261 1084 1345 8)
1106 1259 1177 1330 ἀλλ’
1204 1259 1252 1342 ὡς

226 1377 278 1442 ἐπὶ
292 1395 331 1440 το
317 1367 510 1438 πλεῖστον·
533 1360 614 1436 ὥστε
629 1392 685 1436 και
674 1369 730 1449 9)
744 1365 832 1434 κατά
843 1391 902 1450 την
913 1363 1063 1458 ὡρίσθαι
1077 1368 1251 1436 δοκοῦσαν

132 1503 135 1508 ·
225 1473 447 1598 προθεσμίαν
465 1476 536 1551 τοίς
555 1472 739 1592 γινομένοις
761 1467 849 1538 κατά
869 1466 992 1563 φύσιν,
1022 1472 1162 1538 ἕκαστον
1181 1471 1251 1540 τῶν

226 1575 315 1647 ὁάτω
332 1578 509 1704 γινομένων
531 1571 591 1642 οὐκ
609 1570 660 1642 άιὶ
677 1574 802 1660 γίνεται
823 1576 879 1656 ¹⁰).
913 1571 1032 1653 ’θυνος
1057 1576 1127 1642 δὲ
1111 1597 1146 1642 ιν
1175 1579 1250 1654 τοῖς

226 1683 427 1770 γινομθοις
425 1672 626 1772 κατὰφύσιν
639 1679 765 1746 καιτοῦ
778 1676 873 1801 παρά
880 1672 986 1802 φάσιν
1000 1668 1095 1759 ”),”
1070 1700 1178 1769 ωσπερ
1190 1681 1250 1746 και

228 1787 262 1854 ἒν
275 1809 347 1863 τοις
364 1779 452 1882 κατά
465 1785 577 1871 τέχνην
593 1785 620 1819 ”
630 1784 662 1864 a)
669 1833 679 1864 ‚
696 1776 810 1874 χώραν
820 1778 861 1851 ἂν
875 1781 944 1870 ἔχοι
957 1786 1013 1850 και
1031 1782 1065 1849 ἐν
1075 1785 1145 1859 τοῖς
1159 1777 1252 1874 κατά

226 1884 288 1970 τὴν
316 1877 522 2010 έιμαρμένην
537 1889 722 1974 γινομένοις
757 1883 796 1954 τὸ
822 1882 916 1976 παρά
937 1883 1007 1968 τὴν
1022 1886 1249 2006 έιμαρμένην.
1336 1885 1338 1936 ἶ

219 1983 352 2062 Ὥστε
336 2017 365 2058 ιι
375 1985 488 2082 χώραν
503 1989 567 2114 έγει
581 1985 677 2069 ”)
643 2013 682 2054 το
695 1985 789 2112 παρά
803 1984 905 2076 φάσιν
916 1994 972 2056 και
988 1984 1034 2076 μὴ
1049 1984 1142 2056 κενόν
1157 1989 1249 2056 ἐστιν

228 2089 351 2182 ὄνομα,
373 2093 442 2180 ἔχοι
452 2089 494 2160 ἂν
505 2094 538 2160 ἐν
553 2115 623 2170 τοις
633 2095 817 2178 γινομένοις
830 2087 941 2182 χώραν
955 2097 1011 2159 και
1025 2087 1065 2158 τὸ
1079 2087 1175 2183 παρὰ
1186 2088 1249 2175 τὴν

228 2197 435 2288 ἕιμαρμένην.
480 2189 541 2264 Διὸ
563 2199 619 2262 καλ
636 2197 727 2282 λέγοι
747 2219 799 2274 τις
820 2191 862 2264 άν
883 2189 1024 2282 ἐυλόγως
1047 2191 1107 2278 τὴν
1121 2191 1249 2266 ὀικιῑαν
1336 2277 1337 2280 ¹

229 2295 333 2393 φάσιν
346 2294 450 2390 ἀρχὴν
466 2292 606 2366 ἑκάστου
624 2303 680 2366 καὶ
691 2293 802 2366 άιτίαν
814 2301 898 2365 ἐῖνυι
913 2300 974 2380 τῆς
990 2301 1054 2366 τῶν
1067 2302 1249 2388 γινομένων

229 2404 263 2472 ἓν
280 2398 371 2494 άυτῷ
393 2395 599 2495 κατὰφύσιν
616 2395 744 2484 τάξεως.
782 2397 874 2490 Ἀπῤ
890 2397 1014 2483 ταύτης
1030 2399 1112 2495 γάρ,
1124 2425 1126 2430 ·
1136 2397 1181 2482 ὡς
1195 2403 1249 2470 ἐπὶ

228 2501 268 2573 τὸ
289 2509 443 2574 πλεῖστον
460 2499 527 2572 ὁίτι
547 2505 617 2592 βίοι
641 2506 706 2572 τῶν
727 2500 919 2596 ἀνθρώπων
936 2503 996 2587 τὴν
1010 2500 1102 2587 τάξιν
1115 2511 1173 2577 καὶ
1186 2502 1248 2588 τὴν

229 2605 470 2703 καταστροφὴν
490 2611 533 2690 ’3)
554 2603 793 2696 λαμβάνουσιν.
845 2603 989 2700 Ὁρῶμαι
1013 2611 1093 2696 γοῦν
1114 2603 1160 2691 ’4)
1193 2601 1248 2676 ὅτι
1335 2643 1336 2692 1

229 2717 287 2780 καὶ
308 2707 346 2780 τὸ
372 2712 468 2800 σῶμα
490 2712 536 2804 τῷ
556 2706 686 2794 τοιὸνῆ
707 2709 799 2780 τοιὸν
814 2713 897 2780 ἐῑναι
912 2707 1104 2806 τὴνφύσιν,
1133 2716 1191 2780 καὶ
1213 2714 1249 2780 ἐν
1335 2697 1336 2762 3

225 2810 343 2892 ,νόσοις
363 2819 420 2881 καλ
442 2818 599 2906 φθοραῖς
624 2815 668 2898 ’5)
691 2811 898 2896 ἀκολούθως
915 2840 953 2912 τη
977 2818 1101 2912 φυσικῇ
1121 2811 1248 2884 συστά-

230 2940 282 2988 σει
306 2913 351 2998 ¹⁶)
372 2916 519 3003 γίνεται,
541 2914 579 2986 οὐ
601 2917 668 3006 μὴν
688 2920 721 3002 ἒξ
740 2915 885 3006 ἀνάγκης
899 2922 960 3002 ¹⁷),
982 2923 1093 2988 ἱκαναὶ
1107 2916 1174 3012 γάρ
1195 2921 1248 2988 ἐκ·

230 3021 372 3113 κροῦσαι
394 3015 454 3100 τὴν
478 3015 609 3089 τοιάνδε
629 3018 722 3106 τάξιν
743 3023 921 3110 ἐπιμέλειαί
942 3047 976 3090 τι
995 3028 1051 3091 καὶ
1075 3019 1180 3114 άὲρων
1201 3024 1247 3106 ¹⁸)
1334 3083 1335 3098 ,

231 3120 423 3209 ὑπαλλαγαὶ
455 3129 512 3188 καὶ
532 3118 723 3216 προςτάξιις
745 3121 868 3215 ἰατρῶν
892 3132 949 3194 καλ
970 3130 1159 3215 συμβουλαὶ
1192 3131 1248 3210 ¹⁹).

236 3228 335 3296 Θεῶν.
356 3222 504 3306 Κατάδὲ
516 3224 573 3294 τὸν
587 3223 689 3295 άυτὸυ
698 3223 820 3318 τρόπον
832 3233 888 3296 καὶ
899 3231 948 3296 ἐπὶ
961 3231 1019 3312 τῆς
1029 3230 1140 3324 ψυχῆς
1154 3227 1247 3322 ἑάροι

232 3355 283 3408 τις
296 3327 338 3398 άν
351 3327 439 3398 κατά
451 3326 511 3411 τὴν
525 3327 670 3423 φυσικὴν
680 3327 884 3413 κατασκευὴν
895 3331 945 3415 ²⁰)
960 3329 1145 3426 διαφόρους
1154 3358 1247 3420 γινο·
1333 3359 1334 3396 ι

228 3437 333 3520 μένας
352 3430 478 3525 ἑκάστῳ
499 3428 559 3512 τάς
579 3458 613 3501 τι
637 3437 846 3526 προαιρέσεις
872 3440 929 3506 καὶ
952 3434 1012 3515 τάς
1032 3431 1164 3528 πράξας
1190 3443 1248 3506 καὶ

232 3531 312 3614 τοὺς
327 3535 421 3621 βίους
435 3535 521 3622 ²⁰³).
535 3539 654 3618 Ἠθος
666 3534 731 3629 γάρ
748 3534 918 3631 άνθράπῳ
941 3538 986 3621 ²¹)
1001 3541 1137 3627 δαίμων,
1158 3538 1248 3609 κατὰ

233 3635 291 3704 τὸν
301 3633 528 3728 Ἡράκλειτον,
550 3645 701 3708 τουτέστι
713 3637 822 3735 φάσις.
841 3638 901 3720 Ὡς
912 3644 963 3709 ἐπὶ
977 3638 1014 3706 τὸ
1026 3646 1178 3710 πλεῖστον
1193 3641 1246 3724 ²²)
1332 3681 1333 3689 υ

233 3737 298 3830 γάρ
320 3747 393 3824 ταῖς
415 3747 572 3832 φυσικαῖς
592 3751 810 3822 κατασκευαῖς
834 3769 868 3810 τι
893 3751 948 3812 καὶ
969 3747 1162 3825 διαθέσεσι,
1185 3743 1246 3823 τάς

235 3869 269 3912 τε
288 3839 419 3932 πράξεις
440 3851 494 3916 καὶ
518 3842 593 3926 τοὺς
607 3849 702 3932 βίους
723 3854 778 3918 καὶ
804 3845 863 3932 τάς
880 3844 1245 3940 καταστροφάςάυτῶν
1331 3923 1332 3926 ,
