2748 4514
998 245 1001 256 ’
1080 285 1140 346 rm

122 466 286 539 quantur,
313 471 410 538 quam
422 463 486 516 tam
502 453 621 516 &ona
634 463 770 535 propter
783 451 852 518 illas
869 450 1065 520 narrationes
1081 455 1136 516 de-

121 561 270 626 fendere.
316 556 365 620 At
386 554 433 620 illi
454 553 674 620 absurdissima
697 575 841 641 quaeqtre
864 558 996 622 eredunt
1027 557 1136 656 persa-

123 661 203 738 cile,
241 672 275 724 et
298 681 359 724 cur
380 658 511 724 rationis
533 658 574 722 sit
594 656 654 724 ista
675 659 762 736 fieri,
802 681 910 726 causas
932 663 1049 725 addere
1070 682 1135 726 uon

125 765 285 830 dabiram.

215 1162 283 1228 Sed
310 1162 349 1224 de
383 1159 431 1226 his
465 1159 552 1224 satis.
619 1161 740 1226 Sufficit
772 1162 852 1227 enim
884 1163 916 1228 in
948 1183 1072 1249 quaque
1101 1186 1139 1227 re

126 1266 300 1332 ostendere
322 1264 522 1349 adversariae
539 1265 710 1330 sententiae
732 1253 863 1334 absona.
909 1267 1013 1352 Supra
1035 1278 1139 1332 autem

126 1367 208 1434 satis
243 1367 434 1449 explicatum
474 1367 614 1432 arbitror
651 1374 814 1454 quomodo
848 1371 969 1436 dicatur
993 1372 1163 1456 probitas·

127 1493 201 1537 esse
221 1471 254 1536 in
278 1471 340 1536 viri
364 1469 461 1552 probi
481 1483 654 1553 potestate,
690 1497 866 1558 quanquam
894 1477 920 1539 is
934 1485 1011 1538 'non
1036 1474 1139 1558 possit

126 1597 213 1640 nunc
236 1597 304 1639 non
330 1595 401 1638 esse
425 1577 561 1656 probus.
605 1575 731 1646 Dicitur
757 1578 838 1642 enim
865 1581 928 1642 hoc
959 1601 1025 1643 nou
1051 1580 1139 1662 quod

127 1701 213 1747 nunc
241 1679 369 1762 probus
398 1689 468 1754 est,
502 1677 534 1740 id
561 1676 663 1759 ipsum
685 1701 755 1742 esse
784 1681 814 1744 in
840 1681 938 1764 ipsius
960 1692 1137 1764 potestate:

129 1781 174 1862 (id
194 1781 278 1846 euim
301 1781 329 1844 si
350 1792 450 1856 esset,
484 1780 546 1842 iam
569 1781 747 1846 libertatem
772 1787 903 1848 haberet
927 1785 1019 1849 etiam
1041 1797 1077 1846 ut
1098 1784 1139 1848 sit

130 1907 196 1948 nou
213 1886 356 1968 probus)
384 1887 441 1948 sed
458 1885 550 1968 quia,
582 1898 749 1970 antequam
771 1888 842 1950 talis
865 1888 974 1962 fieret,
1001 1889 1139 1950 habebat

131 1988 330 2062 libertatem,
368 2007 428 2069 per
454 2010 546 2070 quam
571 1989 641 2052 talis
668 1989 758 2052 ficret
783 1990 836 2052 vel
859 2012 923 2052 nou
949 1990 1060 2065 fieret,
1100 2011 1138 2052 ae

132 2095 176 2156 ob
202 2075 275 2156 cani
300 2113 394 2174 quam
420 2103 492 2153 ante
512 2092 671 2156 attulimus
692 2114 815 2157 causam
837 2094 905 2175 ipse
927 2093 987 2156 sibi
1011 2093 1139 2162 attalia
1193 2163 1198 2172 „

134 2197 245 2271 tieret,
284 2194 459 2276 opitulator
489 2195 563 2258 fuit.
612 2197 650 2258 lu
679 2196 823 2260 Deorum
854 2199 957 2260 autem
981 2209 1139 2280 potestate

137 2322 202 2364 nou
228 2311 276 2361 est
305 2310 342 2360 ut
370 2297 449 2360 tales
474 2298 552 2374 sint,
591 2301 679 2382 quod
709 2310 739 2360 et
775 2298 877 2382 ipsum
906 2323 1002 2363 uuum
1023 2311 1071 2362 est
1099 2320 1140 2362 ex
1177 2320 1179 2324 ·

135 2403 173 2468 iis
203 2423 285 2486 quae
312 2401 359 2465 illi
390 2401 561 2464 obiectant.
600 2403 709 2479 ¹Nam
742 2405 830 2485 quod
860 2403 940 2466 tales
977 2414 1071 2478 sunt,
1108 2401 1141 2465 iu

136 2528 246 2572 eorum
271 2517 384 2568 natura
410 2503 600 2568 continetur.
645 2505 734 2584 Quae
757 2517 860 2569 autem
887 2517 958 2568 sunt
988 2505 1054 2567 eius
1083 2525 1141 2589 ge·

136 2610 283 2673 nerisca
310 2629 376 2672 non
401 2619 473 2670 sunt
504 2607 536 2670 in
560 2619 730 2689 potestate.
788 2610 967 2689 Propterea
997 2607 1141 2688 ipsorum

138 2717 224 2778 bona
244 2713 421 2776 veneranda
449 2722 522 2774 sunt
546 2724 578 2774 et
601 2713 694 2776 beata
723 2711 931 2793 appellanda,
969 2709 1042 2794 quia
1067 2711 1139 2792 plus

139 2816 255 2902 aliquid
276 2816 362 2878 inse
382 2816 501 2878 habent
525 2835 619 2897 quam
636 2835 716 2898 quae
736 2815 902 2878 laudantur
925 2816 1029 2890 bona,
1069 2816 1143 2898 quia

139 2919 267 2986 omnino
291 2929 405 2982 natura
424 2917 568 2999 ipsorum
602 2917 809 2997 [deterioris]
847 2938 910 2980 non
934 2929 1002 2982 erat
1024 2938 1138 3002 capax.

141 3028 207 3090 Nos
240 3035 346 3088 autem
379 3024 417 3086 de
456 3024 616 3086 bonorum
648 3020 818 3101 adoptione
849 3022 1030 3096 laudamur,
1068 3021 1142 3105 quia

142 3149 209 3192 cnm
243 3138 357 3190 natura
384 3135 496 3189 nostra
524 3122 615 3188 etiam
647 3121 766 3206 peioris
805 3136 873 3188 erat
909 3145 1031 3206 capax,
1077 3144 1141 3187 non
1185 3173 1189 3180 .

142 3252 251 3317 segnes
279 3227 396 3292 suimus
428 3230 467 3290 ad
499 3227 646 3310 meliora,
684 3227 780 3312 idque
810 3249 881 3290 cum
910 3226 1020 3308 peiora
1049 3223 1142 3290 nobis

138 3334 204 3400 sine
225 3335 346 3406 sudore
373 3342 404 3396 et
427 3330 538 3394 labore
564 3333 672 3396 adesse
696 3331 877 3404 videantur,
917 3329 1016 3391 virtus
1039 3339 1142 3392 autem

142 3461 210 3502 unm
227 3438 342 3500 labore
369 3445 401 3498 et
417 3433 568 3500 molestiis
588 3447 620 3498 et
637 3437 753 3498 sudore
767 3430 880 3496 multo.
924 3431 1047 3494 Verum
1058 3431 1143 3496 iusu-
1238 3465 1240 3474 v

144 3563 197 3624 per
214 3540 272 3626 qui
291 3540 415 3621 probus
439 3549 504 3614 est,
541 3538 638 3600 habet
657 3536 750 3600 etiam
772 3534 856 3598 circe
878 3533 1017 3619 singulas
1044 3537 1143 3602 actio-

143 3667 195 3710 nes
216 3665 283 3712 non
310 3642 423 3726 agendi
443 3641 637 3715 libertatem,
661 3639 813 3723 siquidem
835 3637 975 3702 actiones
994 3643 1143 3722 quasdam

146 3749 204 3814 edit
221 3749 311 3812 circa
332 3767 387 3818 ca,
423 3766 503 3828 quae
524 3755 653 3826 possent
679 3764 711 3805 sc
733 3755 763 3804 et
792 3741 882 3805 aliter
903 3743 1031 3806 habere.
1077 3745 1144 3806 Nc·

145 3875 202 3941 qne
228 3869 312 3917 vero
339 3849 418 3912 itanc
439 3847 616 3913 libertatem
645 3845 750 3912 adimit
780 3846 830 3911 vcl
854 3845 988 3924 Pythius
1017 3847 1144 3910 oracula
