2754 4510
240 282 316 368 με

241 453 332 517 σαίοο
359 445 417 518 οὐκ
443 450 476 518 έν
500 447 640 541 Περσίδι
661 443 745 542 μόνῃ
765 443 825 528 τὰς
845 444 1039 539 θυγατέρας
1064 445 1256 536 γαμοίίσου,ι

197 597 201 605 1
240 550 401 640 ἀλλὰκαὶ
422 554 455 620 έν
475 560 574 620 παντὶ
590 553 701 634 ἔθνει,
725 543 809 628 ὅπου
826 547 868 624 ίίν
888 546 1062 633 οἰκήσωσι,
1078 546 1162 629 ’τοὺς
1183 550 1255 618 τῶν

240 651 409 746 προγόνων
435 651 657 750 φυλάττοντες
673 649 795 742 νόμους
812 659 867 722 καὶ
891 655 956 722 τῶν
973 653 1161 741 μυστηρίων
1187 647 1255 720 ἀυ-

240 755 377 836 τῶντὰς
398 753 537 838 τελετοίς.
553 754 660 825 Ἀλλὰ
680 753 861 824 καὶπολλὰ
877 751 1037 847 βάρβαρα
1058 754 1146 837 ἔθνη
1166 779 1254 822 κατ-

240 860 391 946 ελέξαμεν
435 856 512 928 τάτε
547 858 629 928 ὄντα
663 862 696 928 ἐν
729 861 932 950 Μεσήμβρίρο
963 864 1019 927 καὶ
1048 852 1156 938 ΙΛίάσεο
1192 862 1253 925 καὶ

237 957 403 1086 Ἀνατολῇ
420 969 476 1030 καὶ
488 959 638 1056 ’Ἁρκτρυ,
666 965 835 1030 τουτέστιν
856 965 889 1028 έν
907 956 1085 1054 διαφόροις
1101 960 1253 1047 κλίμασι,

152 1061 154 1065 ’
239 1062 285 1155 μή
300 1069 476 1154 μετέχοντα
487 1061 699 1186 Ερμροίκής’
683 1059 929 1152 επιστήμήςὸῗ).
956 1059 1084 1146 Πόσοι,
1104 1064 1252 1183 νομίζετε

241 1174 344 1294 σωροὶ
364 1165 480 1260 ἀνδρες
499 1163 693 1287 παρήγαγον
712 1165 789 1246 τοὺς
804 1167 911 1250 κακῶς
931 1169 1095 1290 κειμένους
1115 1161 1252 1254 νόμους,

241 1295 298 1338 και
316 1271 439 1338 ε”θεντο
461 1269 539 1350 τοὺς
564 1268 683 1348 ἰδίους·
705 1275 759 1338 καὶ
784 1266 888 1348 οὐδεὶς
909 1269 973 1337 τῶν
994 1265 1141 1360 ἀστέρων
1159 1262 1248 1334 ἀπώ·

214 1415 216 1418 -
241 1375 313 1440 λεσε
335 1370 373 1444 τὸ
403 1370 485 1440 ἰδίου
509 1374 618 1461 κλίμα.
663 1375 763 1450 Χθές
789 1376 821 1440 οἱ
837 1367 997 1460 Ρωμαῖοι
1012 1372 1071 1454 τής
1083 1367 1251 1462 Ἀραβίας

241 1470 465 1564 κρατήσαντες
487 1477 530 1558 ³3)
553 1472 630 1552 τοὺς
651 1477 715 1542 τῶν
735 1470 925 1566 Βαρβάρων
945 1469 1067 1561 νόμους
1087 1470 1251 1556 ήλλαξαυ·Ι

240 1581 352 1648 ἕπεται
368 1574 432 1668 γάρ
455 1575 493 1646 τὸ
516 1572 727 1662 ἀντεξούσιου
749 1579 793 1670 τῷ
818 1573 1023 1669 ἀυτεξουσίρι.
1071 1573 1119 1644 Τὸ
1140 1578 1176 1643 δὲ
1192 1578 1251 1644 δυ·

239 1675 379 1768 υάμευον
413 1686 527 1748 πεῖσαι
558 1685 615 1748 καὶ
645 1676 723 1758 τοὺς
754 1676 913 1758 ἀπίστους
943 1673 1135 1769 ἐκθήσομαι
1163 1674 1252 1767 ὑμῖν.

236 1779 402 1872 Ἰουδαῖοι
423 1779 542 1862 πάντες
559 1788 591 1850 οί
606 1781 662 1850 διὰ
676 1787 823 1864 Μωσέως
843 1777 1010 1870 δεξάμενοι
1030 1777 1152 1870 νόμον,
1172 1778 1252 1862 τοὺς

239 1890 457 1973 γεννωμένους
470 1884 611 1978 ἀρῤενας
620 1889 743 1970 παῖδας
761 1888 794 1953 έν
805 1882 906 1980 ὀγδοῇ
920 1880 1251 1977 ήμέρροάιμοίσσουσο

240 1993 506 2080 περι-τέμνοντες,
544 1986 604 2056 οὐκ
632 1985 770 2079 ἀστέρος
801 1989 988 2078 παρουσίαν
1014 1984 1252 2076 ἀναμένοντες,

241 2088 279 2157 06
302 2093 460 2179 κλίματος
482 2086 639 2171 ἐξουσίαν·
652 2085 878 2182 ἐκτρεπόμενοι
896 2083 961 2172 ³46,
984 2085 1042 2179 οὐχ
1057 2087 1123 2158 ἀπὸ
1144 2087 1250 2181 νόμον

240 2189 418 2283 ἀλλοτρίας
433 2188 546 2318 χώρας
566 2188 738 2318 ἀγόμενοι
767 2189 878 2260 ἀλλ”
863 2192 924 2281 είρε
943 2195 976 2260 έν
993 2194 1109 2285 Συρίρο
1130 2189 1253 2284 τυγχά-

239 2318 373 2375 νουσιν,
397 2296 457 2362 έίτε
480 2320 512 2362 εν
523 2299 558 2363 Γ
552 2297 670 2378 αλλοα
692 2297 754 2364 έίτε
769 2299 801 2364 έν
811 2292 960 2387 Ιταλίρο,
982 2297 1043 2364 έίτε
1060 2299 1093 2364 67
1104 2291 1253 2379 Ελλάδι,

239 2394 260 2481 66
279 2399 311 2464 67
328 2395 530 2490 Παρθίρι,
516 2393 537 2480 ή
560 2391 643 2465 ὅπου
669 2395 711 2466 ἀν
731 2423 808 2482 ωσι,
831 2401 928 2466 τοῦτο
949 2400 1112 2467 ποιοῦσιν.
1144 2391 1251 2520 ’λλπερ

240 2496 299 2580 666
325 2503 394 2568 ἐστι
419 2497 506 2568 κατά
528 2505 667 2624 γένεριν
691 2499 815 2594 οὐγὰρ
841 2497 999 2570 δύνανται
1023 2498 1140 2580 πάντες
1156 2497 1252 2569 Ιου-

242 2607 334 2670 δαίοι
354 2604 433 2694 μίαν
454 2608 580 2692 γένεσιν
598 2606 696 2694 ἔχειν·
717 2601 805 2674 ἀλλά
825 2630 880 2672 και
870 2601 972 2687 διΗ
953 2631 1080 2698 ήμερωυ
1094 2601 1175 2673 ἑπτὰ
1192 2607 1253 2688 3⁵).

242 2703 362 2826 πρίντες
381 2701 466 2776 όπου
483 2706 525 2776 ἀν
547 2707 642 2828 ὠρου,
674 2703 833 2835 ἀργοῦσιν
847 2709 888 2774 ἐκ
909 2706 1035 2788 παντὸς
1059 2709 1173 2800 ἔργου,
1195 2714 1253 2776 καί

242 2806 316 2876 ὀύτε
340 2807 530 2892 ὁδεύουσιν,
553 2806 628 2877 ἀν’τε
647 2817 726 2902 πυρὶ
743 2811 903 2902 γρῶνται
937 2807 1010 2878 ὀείτε
1032 2807 1248 2899 ἀναγκάζει
1230 2839 1252 2894 η

242 2915 366 2998 γένεσις
390 2863 559 2981 Ἰουδαῖον
586 2909 662 2982 ἀν’τε
686 2915 796 2981 κτίσαι
828 2910 936 2997 ὀίκον,
978 2910 1017 2984 06
1045 2918 1252 2996 καταλῦσαι,

244 3011 303 3082 οὐκ
328 3009 564 3103 ἐργάσασθαι,
612 3014 650 3084 06
679 3019 765 3084 πολ
747 3041 840 3098 ήσαι,
878 3015 939 3084 οὐκ
974 3014 1008 3104 ἀγ
995 3013 1160 3138 γοράσαι
1177 3025 1252 3098 ταῖς

242 3114 381 3209 ήμέραις
407 3143 466 3184 του
452 3105 695 3205 Σαββάτου,
730 3121 786 3188 καί
815 3146 867 3187 τοι
900 3123 934 3189 έυ
961 3123 999 3217 τή
1030 3117 1114 3215 ἀυτῇ
1142 3115 1252 3238 ήμέρρο

234 3211 427 3306 Ιγεννώντων
444 3216 635 3318 Ἰουδαίων,
656 3229 712 3290 καὶ
733 3227 961 3345 γεννωμένων,
980 3231 1036 3292 καὶ
1056 3219 1253 3306 νοσούντων,

243 3329 299 3392 καὶ
324 3321 622 3407 ἀποθνησκόντων
645 3327 751 3391 ταῦτα
773 3322 836 3416 γάρ
860 3322 919 3393 οὐκ
942 3327 990 3394 ε’τι
1005 3330 1072 3396 ἐστὶ
1094 3327 1153 3394 τοῦ
1170 3319 1252 3393 ἀυτ-

206 3495 209 3500 ,
242 3428 399 3510 εξουσίου.
448 3423 503 3495 Ἕν
535 3429 573 3523 τῇ
594 3427 709 3519 Συρίρι
734 3435 791 3494 καὶ
811 3431 845 3496 έν
865 3431 904 3522 τῇ
922 3425 1081 3524 Ὀσροήυῇ
1106 3423 1251 3496 ἀπεκόπ-

208 3619 210 3622 ¹
244 3555 341 3597 τουτο
372 3534 490 3607 πολλοὶ
524 3533 562 3627 τῇ
589 3527 683 3624 Ῥέρο·
727 3539 782 3599 καὶ
810 3533 844 3600 έν
875 3527 980 3624 τούτῳ
1015 3535 1076 3626 μίρι
1116 3532 1200 3626 ῥοπή
1231 3529 1250 3600 ὁ

245 3629 401 3719 βασιλεὺς
425 3630 596 3724 ’Ἆβγαρος
633 3637 775 3702 ἐκέλευσε
805 3637 867 3704 τῶν
898 3631 1171 3726 ἀποκοπτομέυωυ
1208 3631 1252 3701 τά

247 3733 359 3804 ἀιδοία
388 3732 644 3806 ἀποκόπτεσθαι
673 3745 729 3806 καὶ
759 3736 817 3818 τάς
836 3748 977 3830 γεῖρας·
1020 3746 1075 3808 καὶ
1113 3742 1147 3809 έκ
1178 3734 1252 3806 τότε

247 3835 353 3917 οὐδεὶς
375 3835 568 3930 ἀπεκόψατε
592 3843 624 3908 ἐν
644 3844 681 3935 τῇ
696 3839 863 3936 Ὀσροιμρλ
912 3845 951 3913 '1¹6'
972 3848 1005 3910 δέ
1026 3845 1253 3934 ἐροῦμενπερὶ
