2790 4512
248 339 308 408 1⁵⁸

170 595 173 603 Ι
249 505 423 581 ἐλούσατο
444 537 466 588 η
455 503 557 576 ‘⁸62
538 500 710 627 απύφασις
730 499 877 595 ἀναιρεῖν
893 502 1073 626 πειρωμένη
1087 497 1127 570 τὸ
1122 497 1242 598 ύπέρ-

245 642 305 708 χον
322 645 342 700 η
326 609 525 703 ”ύπάρξαν,
553 605 684 694 δῆλσν’
674 601 727 677 ύτι
746 603 914 703 φευδὴς”
895 624 1002 674 εσται
1035 611 1091 673 καὶ
1112 607 1139 673 ἐι
1156 599 1243 694 τύχοι

247 749 293 808 μη
280 715 503 841 λουόμενος,
534 712 555 799 ἢ
561 742 620 836 μη
607 711 829 803 λελουμένος
840 762 849 793 ,
884 712 924 806 τῇ
944 710 1129 838 προτεραίᾳ
1150 713 1243 792 δηλο-

247 821 338 907 νότι,
374 820 433 906 τὴν
460 829 520 911 μέν
552 815 724 912 ἀπόφασιν
745 811 831 882 κατά
854 810 912 882 τὸν
940 815 1098 882 ἐνεστῶτα
1117 808 1244 904 χρόνον,

247 925 373 996 καὶτὸν
387 917 648 1018 παρεληλυθότα
660 921 910 1042 λαμβανομένην
921 912 1130 999 ἀληθεύειν
1111 911 1248 1003 ανάγκη,

239 1030 306 1115 ’τὴν
327 1034 363 1099 δὲ
379 1024 571 1122 κατάφασιν
591 1019 781 1117 ύπάργεινη
775 1017 944 1113 ὑπάρξαι
961 1023 1123 1140 λέγουσαν
1144 1016 1182 1086 τὸ
1203 1015 1246 1107 μὴ

248 1131 440 1255 ἐκβεβηκὸς,
472 1127 674 1226 ψεύδεσθαι.
730 1123 834 1193 Κατ’ὀι
864 1128 900 1192 δέ
930 1150 967 1212 γε
994 1121 1051 1190 τὸν
1085 1127 1247 1213 μέλλοντα

244 1235 379 1331 χρόνον,
412 1238 551 1326 διαιρεῖν
569 1261 594 1321 μ
596 1237 629 1300 ν
651 1235 706 1298 καὶ
732 1224 816 1298 ὁύτω
842 1233 924 1320 φησὶ
945 1224 1005 1308 τάς
1022 1222 1135 1295 καθ’
1126 1228 1247 1294 έκαστα

247 1336 425 1433 προτάσεις
444 1333 500 1420 τό,
524 1361 557 1403 τε
576 1331 686 1416 άληθέ
689 1360 705 1411 ς
672 1338 780 1399 ἐκαὶ
797 1358 835 1399 το
822 1329 990 1427 φεύὸος,
1013 1327 1248 1417 σύκέτιμέντσι
1331 1358 1337 1368 ·

153 1503 155 1508 .
248 1440 368 1531 ὁμοίως
389 1445 463 1519 ταῖς
487 1435 656 1506 2616162!
677 1437 834 1504 ἐνεστῶτα
849 1432 985 1528 χρόνον,
1014 1464 1035 1518 η
1059 1429 1116 1502 162!
1138 1460 1249 1526 παρω-

244 1541 370 1635 χηκύτα
402 1543 683 1631 λαμβανομένοις·
724 1536 828 1607 (λύ
790 1566 854 1633 γαρ
881 1540 929 1606 ἐτι
957 1533 1141 1630 ὡρισμένως
1166 1539 1251 1603 ἐστὶν

248 1653 363 1729 ἐιπεῖν,
391 1649 514 1737 ποτέρα
533 1652 594 1733 μέν
611 1639 719 1712 άυτῶν
740 1638 937 1725 ἀληθεύσει,
968 1645 1092 1734 ποτέρα
1112 1642 1148 1707 δέ
1168 1635 1251 1736 φεύ-

249 1777 358 1834 σεται,
392 1744 477 1818 ὁύτω
503 1749 563 1815 τοῦ
588 1741 783 1840 πράγματος
803 1740 1033 1834 ἐκβεβηκότος,
1069 1747 1249 1832 δυναμένου

246 1859 306 1943 μέν
326 1877 377 1922 τοι
400 1857 456 1922 καὶ
477 1852 612 1938 ἐκβῆναι
632 1856 689 1918 καὶ
709 1847 754 1939 μὴ
776 1851 920 1938 ἐκβῖμαι.

316 2063 424 2130 Τοῦτο
438 2061 496 2148 μέν
506 2082 560 2126 τοι
574 2056 612 2124 τὸ
627 2051 790 2149 θεώρημα
807 2055 846 2124 τὸ
860 2052 981 2125 vav—66
998 2043 1248 2147 Ἀριστοτέλους

248 2159 454 2252 κινούμενον,
474 2165 567 2229 δοκεῖ
579 2168 640 2248 μὲν
653 2163 737 2228 ἐῐναι
751 2158 899 2248 λογικὸν,
924 2157 1015 2227 κατά
1033 2155 1202 2242 άλήθειαν
1215 2164 1249 2227 δέ

248 2263 331 2360 πρὸς
343 2260 453 2334 πάντα
471 2262 514 2331 τά
530 2259 637 2355 μύρια
651 2266 709 2346 τῆς
724 2264 928 2359 φιλοσοφίας
945 2265 1032 2330 ἐστὶν
1046 2258 1248 2350 άναγκσέσν·

248 2365 335 2439 κατά
360 2393 398 2437 ,τε
424 2365 488 2459 γὰρ
516 2365 581 2451 τὴν
601 2364 728 2450 ἠθικὴν
746 2369 958 2461 ,φιλοσοφίαν
985 2369 1097 2436 πᾶσαν
1125 2364 1249 2456 ἀνάγκη

248 2467 534 2567 προςλαμβάνειν,
559 2467 611 2551 Δὡς
639 2468 677 2540 ού
702 2466 810 2539 πάντα
836 2473 904 2539 ἐστι’
930 2496 963 2538 τε
990 2477 1046 2538 καὶ
1071 2473 1194 2560 γίνεται
1218 2473 1252 2554 ἐξ

247 2573 409 2665 άνάγκης,
442 2571 512 2644 ἀλλ’
536 2575 606 2643 ἔστι
627 2573 702 2643 τινά
718 2581 777 2642 καὶ
803 2571 851 2668 ἐφ’
876 2569 962 2664 ἡμῖν.
1000 2571 1088 2644 Ἐπεὶ
1110 2573 1173 2667 γὰρ
1194 2570 1250 2643 κύ-

247 2706 316 2774 ριοι
337 2675 482 2773 πράξεων
506 2679 601 2747 τινῶν
623 2676 730 2759 ὄντες,
762 2685 817 2746 καὶ
839 2674 888 2772 ἐφ’
912 2674 989 2768 ἡμῖν
1009 2678 1047 2747 ἐν
1068 2676 1251 2762 έλέσθαιῆ

246 2781 292 2872 μὴ
315 2786 456 2858 ἑλέσθαι
476 2778 554 2849 τάδε
577 2780 668 2860 τινά,
700 2787 756 2850 καλ
777 2783 901 2875 πρᾶξαι
923 2780 943 2865 ἢ
964 2780 1009 2871 μὴ
1026 2785 1165 2872 πρᾶξαι,
1191 2781 1250 2862 τάς

247 2893 308 2974 μέν
329 2882 514 2965 ἐπαινετάς,
545 2883 607 2964 τάς
629 2889 664 2953 δὲ
684 2884 810 2981 φεκτάς
834 2889 918 2955 ἐῑναι
942 2890 1006 2955 τῶν
1033 2912 1067 2955 τε
1096 2890 1250 2978 προαιρέ-

247 3012 329 3057 σεων
352 2993 409 3056 καὶ
429 2989 492 3054 τῶν
512 2986 661 3080 πράξεων
674 2993 828 3078 λέγομεν,
850 2997 906 3058 καὶ
926 2995 1127 3082 περιτρέπειν
1142 2991 1171 3072 ¹)
1192 2997 1250 3078 μέν

247 3089 326 3171 τούς
339 3096 440 3171 πέλας
461 3086 611 3179 άξισῡμεν
627 3095 678 3159 ἐπὶ
690 3090 752 3170 τὰς
764 3091 873 3173 ,καλάς
885 3091 1100 3182 καὶάγοθάς
1111 3090 1250 3185 πράξεις,

248 3191 441 3288 ἀποτρέπειν
458 3197 493 3261 δέ
519 3196 637 3262 ἐκτῶν
660 3197 820 3264 ἐναντίων.
866 3200 934 3264 Καὶ
954 3202 1082 3285 μέντοι
1098 3194 1251 3288 καὶπρὸς

248 3297 468 3393 φυσιολογίαν
487 3293 650 3388 χρήσιμον
671 3300 825 3392 φαίνεται
843 3297 881 3366 τὸ
897 3297 1069 3392 θεώρημα.
1108 3296 1251 3383 ’Ζητήσει

246 3399 311 3493 γάρ
333 3409 388 3470 καλ
413 3399 432 3468 6
459 3398 662 3496 φυοιόλογος
684 3402 746 3468 έέτε
766 3399 876 3470 πάντα
902 3404 935 3486 ἐξ
964 3399 1109 3491 ἀνάγκης
1128 3405 1251 3491 γίνεται

246 3501 289 3570 τά
308 3502 483 3594 γινόμενα,
505 3507 533 3574 ἐι
550 3509 587 3572 τέ
606 3530 681 3573 τινα
702 3502 769 3573 άπὸ
789 3503 887 3596 τύχης
904 3513 960 3574 καὶ
974 3509 1009 3575 ἐκ
1030 3501 1249 3595 τᾶυτομάτσυ.

247 3609 319 3674 Καὶ
339 3605 422 3696 πρὸς
439 3606 499 3692 τὴν
514 3605 653 3697 λογικὴν
674 3613 826 3699 μέθοδον
850 3606 1013 3691 ύςαύτως.
1051 3607 1152 3680 'Ama
1170 3612 1250 3696 γοῦν

247 3705 347 3779 τοῦτό
373 3713 443 3779 ἐστι
464 3709 502 3779 τὸ
525 3715 582 3781 νύν
607 3709 820 3803 ζητούμενον,
853 3715 914 3782 ἐὶτε
950 3715 1043 3782 πάσα
1072 3709 1249 3807 ἀντίφασις

247 3811 493 3908 ἀφωρισμένως
505 3818 631 3906 διαιρεῖ
651 3814 690 3883 τὸ
713 3813 842 3901 άληθές
866 3823 927 3885 παὶ
946 3814 986 3885 τὸ
1009 3819 1151 3911 ψεῦδος,
1188 3817 1248 3886 ἐέτε

247 3917 315 3985 ἔστι
335 3925 383 3998 τλς
401 3924 456 3986 καὶ
475 3914 636 4010 ἀορίστως
656 3921 763 3988 ταῦτα
784 3923 971 4009 διαιροῦσα.
1009 3915 1248 4008 Ἔκτεινόμενον
