2694 4508
1048 334 1088 400 21

69 525 161 570 sona
180 503 260 583 itta,
287 501 401 590 quihus
423 503 623 588 implicantur
644 503 667 568 ii
688 504 742 590 qui
764 516 876 570 nancta
898 505 981 570 Fato
1004 504 1089 568 aiunt

69 608 162 674 lieri.
209 608 266 674 Sic
287 608 370 672 enim
397 608 557 692 permixto
585 629 731 707 sernrone
760 611 974 694 comparando
1007 609 1090 672 inter
1171 648 1176 654 -
1283 611 1285 622 ’

69 735 108 776 se
133 713 308 796 opiniones
331 711 491 789 diversas,
505 712 553 776 'id
575 714 795 796 qnodxverum
817 725 882 791 est,
906 711 1006 798 magis
1028 733 1090 794 po·

71 829 173 880 netur
200 816 234 879 in
263 815 463 898 conspicuo:
500 828 533 880 st
563 839 628 881 non
650 815 711 880 erit
731 816 824 880 nobis
845 837 973 880 necesse
993 801 1091 898 saepe

72 921 188 984 eadem
210 930 374 1002 repetere.
431 919 553 986 Merito
582 943 656 984 sane
685 919 816 984 miretur
843 920 973 1003 alirpris,
1007 935 1091 1002 quo-

72 1026 175 1088 modo
198 1022 329 1107 puidam
351 1023 454 1088 dicant
475 1047 509 1089 se
530 1024 752 1107 philosophari
773 1036 805 1088 et
825 1023 972 1088 latentem
986 1023 1018 1086 in
1036 1045 1090 1086 re·

74 1132 137 1194 hus
161 1128 331 1194 veritatem
353 1128 515 1214 indagare,
540 1131 592 1210 (et
612 1133 676 1194 hoo
698 1151 767 1194 esse
789 1123 980 1204 existimant,
1004 1131 1091 1212 quod

73 1255 179 1316 snpra
212 1233 293 1296 alios
325 1232 469 1296 homines
501 1235 687 1317 philosophi
717 1233 923 1316 praecipuum
954 1235 1089 1307 hahent,

75 1341 165 1400 unde
188 1347 221 1399 et
242 1339 282 1400 ad
302 1335 387 1400 idem
409 1337 543 1402 studium
571 1340 741 1401 hortantur
769 1339 867 1418 alios)
901 1336 955 1420 qui
977 1337 1091 1398 se'ad·

77 1440 219 1506 dixerint
240 1441 387 1526 opinioni
408 1455 519 1505 structa
533 1442 616 1505 Fato
631 1441 702 1506 fieri
723 1439 921 1505 atthrmanti?
943 1443 1089 1524 adquam

78 1547 261 1631 confugere
284 1546 376 1610 solos
397 1545 537 1610 videmus
565 1546 708 1610 homines
737 1545 902 1611 illiteratos
916 1530 938 1624 ‚¹
959 1547 1092 1608 nullius-

78 1672 141 1734 que
163 1653 322 1715 honestae
344 1649 394 1741 rei
414 1649 474 1713 sihi
496 1651 664 1726 conscios,
700 1651 755 1733 qui
782 1651 903 1714 seilicet
923 1651 954 1716 in
978 1651 1092 1712 Fatum

79 1763 307 1818 transmovent
328 1752 451 1835 ottlparn
471 1755 649 1830 malorum,
679 1753 710 1818 in
733 1776 812 1836 quae
833 1752 895 1836 ipsi
916 1757 1091 1828 devenere3

81 1877 159 1940 quae
181 1857 344 1921 sententia
364 1878 465 1941 neque
486 1860 582 1921 rebus
605 1856 800 1920 evidentibus
823 1857 993 1942 congruit,
1031 1878 1093 1920 nec

80 1959 141 2024 lide
173 1961 294 2046 dignas
325 1961 419 2023 hahet
451 1959 648 2025 ostensiones
678 1982 736 2023 cur
766 1980 818 2023 res
847 1959 893 2022 sic
920 1981 954 2023 se
975 1962 1093 2023 habere

82 2067 255 2128 credatur:
294 2074 461 2144 praeterea
480 2064 565 2128 tollit
588 2085 712 2128 ornnem
740 2064 772 2128 in
801 2065 940 2129 volendo
962 2063 1091 2145 liberta·

80 2177 156 2231 tem.
218 2167 322 2247 Quod
350 2165 430 2230 enim
461 2167 559 2230 maius
592 2188 633 2231 ex
662 2167 925 2251 disputationibus
949 2170 1093 2230 damnum

81 2269 185 2353 accipi
204 2282 338 2353 potest,
369 2293 462 2354 quam
484 2271 512 2335 si
531 2270 591 2334 ista
613 2271 792 2334 admittatur
813 2270 989 2335 sententia?
1024 2272 1092 2334 Pu-

82 2395 186 2458 gnare
208 2393 277 2436 eam
299 2395 372 2435 etim
393 2355 487 2438 rebus
510 2374 708 2436 evidentibus
731 2396 771 2437 eo
799 2385 904 2456 patet,
943 2377 1030 2457 quod
1062 2387 1093 2437 et

84 2477 219 2540 rudibus
252 2489 285 2540 et
313 2476 505 2559 sapientibus
533 2499 718 2558 persuasum
740 2476 800 2554 sit,
840 2480 991 2561 praedam
1024 2499 1094 2541 esse

86 2603 167 2664 quae
189 2603 268 2644 casu
291 2591 345 2644 aut
364 2579 450 2644 forte
470 2580 568 2657 liunt,
592 2592 758 2662 praeterea
780 2601 848 2642 esse
871 2583 1023 2663 ‹praedam
1038 2604 1095 2643 an·

85 2683 213 2766 cipitia,
239 2705 324 2768 quae
344 2683 414 2748 lieri
435 2684 559 2767 possint
580 2694 611 2746 et
632 2681 757 2764 possint
777 2703 842 2745 non
864 2681 956 2759 fieri,
992 2696 1023 2745 et
1044 2683 1094 2748 lo-

85 2809 155 2850 rum
188 2789 313 2858 habere
341 2785 373 2850 in
408 2789 502 2852 rebus
530 2786 615 2848 istud
649 2785 747 2850 nihilo
777 2785 876 2870 magis
904 2787 968 2851 hoc
1000 2810 1094 2871 quarn

83 2889 159 2954 illud
181 2909 316 2956 neeesse
339 2901 398 2954 est.
450 2891 540 2971 Quae
563 2889 667 2955 omnia
687 2888 771 2952 tutori
791 2903 950 2971 nequeunt
970 2890 1015 2955 illi
1037 2893 1092 2977 qui

84 3007 198 3060 ornata
220 2993 296 3058 fieri
317 2993 402 3058 aiunt
423 2994 456 3058 vi
477 2991 692 3069 necessitatis,
728 2991 754 3056 si
774 2991 920 3056 nimirum
942 2993 974 3058 id
997 3018 1094 3059 voca·

85 3121 151 3162 ntus
173 3097 359 3174 meritos,
382 3119 446 3161 non
469 3109 590 3160 mutare
613 3115 668 3172 ea,
704 3097 744 3159 ad
765 3079 842 3182 quas
872 3095 1093 3180 significandas

85 3203 245 3267 voeabula
273 3200 334 3264 ista
354 3213 482 3285 reperta
501 3203 588 3264 sunt.
632 3201 745 3283 Neque
768 3199 848 3262 enirn
872 3199 950 3261 alios
973 3198 1094 3283 signifi-

85 3317 174 3370 ratus
196 3303 573 3394 nominibussubiicere,
598 3313 633 3367 ut
654 3303 715 3366 illis
737 3302 931 3366 manentibus
954 3321 1005 3362 res
1028 3323 1094 3364 ma-

87 3431 163 3474 nere
185 3410 374 3484 videantur,
407 3407 441 3470 id
462 3428 539 3470 vere
560 3405 643 3470 tueri
665 3417 730 3483 est,
756 3427 835 3490 quae
857 3415 986 3484 recepta
1007 3415 1093 3467 sunt.

86 3515 199 3600 Neque
222 3511 309 3576 enim
330 3511 451 3574 salvum
472 3520 597 3586 manet,
640 3511 791 3594 quaedam
811 3508 897 3571 sorte
919 3495 989 3571 lieri
1011 3511 1094 3590 apud

86 3639 173 3695 enm,
214 3614 274 3698 qui
301 3633 370 3676 rern
397 3613 498 3694 ipsam
526 3612 640 3675 tollens
669 3609 848 3674 necessario
878 3611 1093 3674 evenientibus

86 3743 198 3786 nomen
223 3723 279 3784 dat
300 3713 529 3781 fortuitorum:
567 3716 623 3778 sed
636 3715 840 3800 probandum
869 3713 914 3777 illi
936 3725 1003 3777 erat
1024 3714 1092 3796 ipsa

85 3825 138 3888 illa
158 3844 258 3909 posse
282 3843 300 3884 a
323 3841 358 3884 se
380 3819 524 3897 delendi,
557 3819 595 3882 de
617 3817 730 3903 quibus
751 3815 957 3884 fortuitorum
979 3839 1092 3882 nornen

84 3927 233 4013 usurpari
256 3925 376 3990 solet(
