2694 4508
1055 290 1096 353 tt

82 461 160 528 sos?
183 459 257 526 Iam
280 455 364 522 enim
381 455 513 522 vidimus
532 455 649 522 habere
666 457 823 524 hominem
839 459 871 524 in
890 460 983 525 rebus
999 479 1096 546 agen·
1192 535 1194 540 Ι

83 567 130 632 dis
149 571 348 648 potestatem
369 559 516 625 etiamad
537 560 730 626 eontrarium
749 583 784 626 se
806 563 961 640 vertendi,
986 561 1096 628 deinde

84 689 165 734 vero
182 687 253 732 non
272 683 367 730 omne
386 665 473 748 quod
491 661 655 748 deligimus
677 665 794 728 habere
813 648 1098 752 causas'praegee·

86 772 231 848 dientes,
256 787 318 852 per
337 787 414 850 quas
433 787 498 830 non
517 764 605 830 licuit
625 765 718 830 nohis
740 766 822 830 aliud
839 769 998 854 deligere,
1022 752 1110 832 satis

87 873 228 942 ostendit
250 867 346 934 etiam
367 887 422 946 ea,
447 888 527 952 quae
551 889 645 952 saepe
668 869 812 934 dilectum
830 871 993 954 sequitur,
1017 892 1099 954 poe·

88 976 232 1042 nitentia.
279 973 446 1055 Tanquam
468 970 549 1036 euim
570 969 602 1034 in
625 971 717 1036 nobis
738 972 834 1036 suerit
858 975 923 1038 hoe
939 995 999 1036 nec
1021 973 1098 1038 deli·

88 1101 166 1166 gerc
187 1099 250 1144 nec
267 1095 377 1162 agere,
397 1073 591 1158 poenitentia
614 1061 778 1154 ducimur,
790 1096 913 1160 nosque
931 1076 1022 1159 ipsos
1044 1093 1098 1140 ae·

88 1202 237 1250 emamus
269 1181 307 1242 de
344 1175 467 1242 consilii
491 1175 767 1255 hallucinatione,
802 1178 877 1263 quin
904 1190 936 1243 et
967 1177 995 1242 si
1019 1177 1099 1242 alios

88 1283 255 1350 videamus
285 1280 319 1344 in
345 1282 470 1366 agendo
494 1301 558 1344 non
580 1291 699 1344 rectam
718 1279 836 1346 instare
862 1281 968 1359 mam,
1006 1279 1100 1346 etiam

88 1386 164 1452 illos
177 1396 213 1448 ut
223 1394 402 1467 peccantes,
426 1382 600 1468 arguimus.
623 1383 794 1451 Praeterea
809 1385 993 1456 assumimus
1007 1383 1100 1460 nobis

89 1487 217 1555 consilii
238 1486 433 1571 participes,
457 1498 569 1569 utpote
592 1487 740 1554 innubis
764 1488 844 1567 sito,
870 1509 1099 1552 assumamusnc

87 1594 169 1658 tales
203 1589 236 1654 in
271 1589 456 1666 consilium,
504 1610 543 1654 au
574 1611 640 1654 non
672 1613 882 1669 assumamus,
928 1612 1042 1674 nempe
1065 1601 1101 1655 nt

89 1717 202 1760 conim
226 1714 292 1777 ope
313 1691 425 1756 directi
449 1713 577 1778 agamus
600 1704 631 1755 et
649 1693 708 1759 alia
725 1695 876 1778 quaedam
899 1696 938 1758 ab
960 1695 998 1758 iis
1021 1715 1100 1778 qnae

89 1799 228 1884 agimus.
288 1794 484 1860 mennatem
512 1809 615 1860 autent
648 1797 777 1863 volendi
805 1797 866 1860 dici
889 1797 973 1860 cirea
1001 1817 1038 1860 ca
1067 1797 1101 1860 in
1199 1782 1203 1788 ’

90 1902 207 1986 quitus
227 1910 261 1963 et
279 1899 438 1962 contraria
460 1898 600 1984 deligere
620 1921 808 1983 possumus,
832 1911 898 1962 tum
917 1920 975 1981 per
992 1919 1026 1962 se
1041 1920 1102 1964 no·

88 2017 173 2084 tum,
198 2016 268 2068 tum
284 2000 364 2064 'satis
386 2004 449 2067 hoc
471 2005 639 2066 ostendunit
661 2001 743 2068 dieta
766 2004 929 2066 hactenus.

546 2107 649 2171 XIII.
853 2189 855 2197 J

154 2211 235 2275 Hoc
254 2220 358 2272 autem
379 2220 415 2272 ut
434 2209 600 2273 defendant
621 2209 666 2287 ii,
697 2209 751 2294 qui
776 2211 880 2276 omnia
898 2211 980 2276 Fato
1011 2223 1102 2276 autu·

91 2325 183 2378 mant
211 2313 298 2390 fieri,
335 2311 471 2396 primum
500 2333 539 2376 ne
565 2312 626 2396 ipsi
653 2314 779 2396 quidem
803 2321 935 2378 tentant.
992 2314 1101 2378 Seitmt

91 2417 179 2482 enim
202 2437 237 2480 se
254 2414 286 2478 id
302 2427 480 2478 tentaturos
502 2419 589 2499 quod
610 2416 682 2480 fieri
698 2417 818 2500 nequit.
862 2417 909 2480 At
930 2417 1011 2480 sicut
1032 2418 1102 2482 Ior-

93 2534 191 2586 tunae
218 2519 379 2582 vocabulo
403 2517 494 2581 alium
525 2520 748 2582 substituentes
778 2519 1008 2604 significatum,
1045 2520 1103 2584 im·

93 2635 220 2708 ponunt
236 2621 432 2686 auditoribus
451 2635 486 2684 nt
501 2622 665 2686 videantur
683 2635 714 2686 et
724 2622 785 2705 ipsi
799 2633 936 2686 statuere
952 2625 1104 2706 quaedam

91 2729 178 2794 sorte
209 2725 342 2816 fortuma
366 2724 458 2800 fieri,
480 2725 578 2789 idem
606 2726 724 2788 faciunt
751 2725 783 2788 in
810 2747 850 2790 eo
879 2729 967 2809 qnod
991 2726 1105 2790 dicitur

93 2845 225 2896 nostrae
245 2849 315 2892 esse
333 2827 511 2910 potestatis.
557 2829 639 2892 Nam
669 2830 793 2892 sublato
816 2829 951 2900 hominis
971 2829 1104 2895 arbitrio
1184 2829 1186 2836 '

94 2937 133 2998 ad
154 2935 306 2997 dilectum
341 2931 559 3016 actionemque
593 2932 903 3015 contrapositorum,
942 2933 974 2996 id
1000 2933 1106 2996 ‹iieunt

95 3059 162 3112 csse
179 3037 213 3100 in
231 3044 344 3098 nostra
358 3045 539 3118 potestate,
564 3037 603 3097 ad
622 3038 709 3118 quod
726 3039 881 3122 agendum
898 3048 928 3099 et
950 3058 1009 3100 nos
1028 3057 1106 3098 con·

96 3140 267 3204 mutus.
314 3137 398 3200 Nam
414 3159 502 3215 cum,
527 3137 629 3216 aiunt,
655 3159 765 3203 eorum
782 3151 948 3224 quaesunt
966 3140 1106 3224 fiuntque

97 3242 243 3306 diuersae
252 3240 316 3304 sint
324 3239 573 3324 multiplicesque
587 3253 736 3307 naturae:
756 3243 923 3324 (nonenim
939 3244 1045 3305 eadem
1060 3253 1108 3306 est

97 3357 212 3410 natiue
228 3357 261 3408 et
275 3341 486 3408 animatorum
499 3357 529 3408 et
548 3345 667 3410 animae
678 3347 874 3428 expertium,
899 3344 1107 3410 animatorum

97 3469 228 3534 pioque
253 3467 321 3511 non
344 3447 451 3510 eadem
471 3446 553 3512 inter
578 3471 625 3512 se.
680 3449 769 3530 Quot
791 3431 871 3513 enim
892 3461 965 3516 suut
985 3449 1107 3532 specie·

98 3548 166 3616 nim
181 3551 272 3617 inter
293 3571 328 3614 se
355 3547 564 3629 differentiae,
589 3565 640 3617 tot
662 3555 848 3617 documenta
869 3565 941 3615 sunt
959 3553 1106 3618 differen-

99 3657 174 3720 tium
198 3667 231 3720 et
258 3657 475 3734 naturarum).
520 3654 615 3718 Fiimt
644 3667 747 3720 autem
772 3676 851 3740 quae
882 3677 899 3718 a
925 3677 1106 3740 nequaque

97 3759 196 3837 fiunt,
224 3759 398 3822 secundum
415 3757 577 3840 propriam
599 3747 686 3822 stiam
713 3769 873 3834 naturam,
909 3773 944 3823 ut
968 3784 984 3824 a
1005 3761 1108 3842 lapide

97 3867 272 3930 secumdum
299 3858 411 3944 lapidis
437 3872 599 3938 nauuam,
641 3863 679 3924 ab
702 3861 774 3948 igne
806 3867 973 3928 seeundum
1003 3863 1104 3948 ignis,
