2748 4514
1083 349 1142 412 ttt

141 517 305 601 impedita.
331 519 427 599 Quod
449 521 474 582 si
497 521 559 584 hoc
580 521 671 583 etiam
695 521 892 584 condonetur
913 519 1033 583 et'esse
1049 521 1145 582 Mun-

144 625 233 698 dum,
260 633 292 684 et
315 643 355 684 eo
378 621 503 703 posito,
536 623 713 685 esse‘Deos
737 626 931 706 (quanquam
954 647 994 692 ox
1017 615 1149 704 Epicuri

147 725 299 787 sententia
323 723 379 786 Dii
401 736 490 786 extra
513 726 670 786 Mundum
692 735 766 786 sunt
779 729 802 804 ,)
836 737 866 786 et
888 727 976 790 Deos
1000 721 1067 788 esse
1088 728 1149 786 ho-

146 847 220 903 nos,
260 838 292 889 et
321 826 393 888 inde
422 839 571 908 sequatur
598 848 666 890 esse
688 827 758 889 Diis
782 827 949 903 virtutem,
989 829 1149 910 quomodo

148 951 186 990 cx
207 951 266 1004 eo,
292 931 381 1011 quod
403 927 504 1011 aliqua
527 930 566 991 sit
588 931 729 992 Deorum
753 931 871 1006 virtus,
904 931 1052 1016 colligent
1082 953 1151 994 esse

153 1043 182 1093 et
214 1028 438 1113 prudentiam?
495 1032 584 1111 Quae
609 1033 690 1094 enim
717 1033 807 1095 huius
836 1033 1063 1104 coniunctionis
1098 1055 1153 1095 ne·
1215 1108 1218 1122 ‚

150 1132 309 1197 cessitas?
355 1133 436 1194 Nam
466 1134 492 1196 si
520 1135 656 1215 positum
686 1135 725 1196 sit
747 1157 814 1197 esse
835 1135 995 1198 hominnm
1018 1135 1151 1218 aliquam

149 1235 318 1310 virtutem,
353 1247 440 1296 reete
466 1235 537 1298 inde
572 1237 743 1299 inferretur
772 1259 838 1300 esse
871 1249 902 1300 et
929 1235 1155 1327 prudentiam?¹

151 1337 236 1402 Cum
257 1359 334 1401 vero
357 1359 398 1400 ex
420 1339 580 1401 antedictis
607 1341 771 1402 collectum
792 1340 905 1416 suerit,
930 1342 999 1403 'esse
1021 1340 1154 1422 aliquam

156 1441 303 1504 Deorum
322 1439 492 1515 virtutum,
532 1445 692 1524 quomodo
719 1465 759 1504 ex
780 1443 924 1506 Deorum
941 1444 1057 1505 virtuto
1077 1464 1154 1505 eon-

152 1555 302 1627 scqnetur
329 1544 513 1624 prudentia,
553 1565 632 1626 quae
662 1557 708 1607 est
731 1545 831 1608 virtus
851 1545 1007 1608 humana?
1042 1547 1157 1627 Neque
1191 1593 1193 1599 .

152 1647 231 1710 enim
259 1647 363 1708 dicere
394 1668 561 1728 possumus
598 1651 721 1709 easdem
758 1670 825 1711 esse
856 1649 987 1710 virtutes
1012 1649 1156 1710 Deorum

150 1749 395 1831 hominumque:
418 1771 477 1810 nec
499 1749 634 1820 enimin
649 1749 718 1812 Diis
741 1750 832 1812 etiam
855 1773 964 1812 verum
981 1762 1027 1812 est
1048 1770 1156 1812 eorum
1192 1807 1196 1812 .

152 1873 234 1934 qnae
274 1861 339 1912 tam
373 1852 501 1912 muitum
547 1852 660 1919 dietant
703 1865 826 1933 suapte
850 1865 977 1928 natura,
1036 1853 1158 1914 easdem

153 1975 223 2016 esse
247 1953 528 2015 consummationes
559 1965 651 2035 atque
677 1953 831 2031 riennes,
863 1975 921 2016 nee
943 1976 1023 2037 quac
1045 1954 1092 2016 iili
1121 1957 1158 2016 de

137 2057 201 2119 'his
224 2057 320 2118 rebus
342 2055 464 2133 dicunt,
489 2057 654 2137 probabile
674 2057 790 2141 aliquid
808 2057 979 2120 continent.
1025 2058 1084 2120 Est
1104 2061 1159 2119 au-

154 2171 216 2221 tem
241 2160 376 2220 hnmana
406 2159 505 2221 virtus
532 2161 714 2240 prudentia:
752 2163 812 2224 Est
837 2161 938 2236 enim,
976 2173 1012 2222 ut
1042 2173 1072 2222 et
1099 2159 1160 2242 ipsi

156 2261 259 2336 aiunt,
297 2261 424 2323 scientia
453 2262 669 2324 faciendorum
706 2275 736 2324 et
761 2285 823 2326 non
852 2263 1081 2328 faciendorum.
1127 2263 1160 2324 Si

159 2363 241 2426 enim
269 2363 340 2425 fieri
368 2376 474 2444 potest
503 2375 538 2425 ut
568 2363 683 2446 aliquid
712 2387 775 2428 non
802 2377 913 2449 agatur
932 2387 1052 2428 ¹eorum
1082 2386 1162 2448 quae

159 2465 301 2530 facienda
317 2479 409 2542 sunt,
433 2467 538 2530 locum
557 2468 652 2528 habet
669 2467 729 2529 ista
745 2467 873 2530 scientia
892 2467 1108 2530 faciendorum
1131 2479 1163 2528 et

161 2591 226 2632 non
244 2569 473 2633 faciendorum.
518 2571 562 2632 At
583 2569 610 2632 si
632 2582 741 2632 cuncta
756 2571 837 2632 Fato
858 2570 954 2642 fiant,
979 2569 1094 2632 inutilis
1117 2579 1164 2631 est

161 2671 290 2734 scientia
324 2671 537 2734 faciendorum
571 2684 602 2734 et
630 2693 693 2735 non
722 2673 947 2735 faciendorum.
994 2671 1056 2750 Qui
1082 2673 1162 2733 enim

162 2773 233 2835 talis
261 2773 387 2836 scientia
412 2774 496 2836 utilis
523 2774 584 2849 eis,
623 2775 677 2856 qni
705 2775 780 2836 nihil
806 2796 915 2837 eorum
942 2796 1022 2856 quae
1049 2786 1162 2859 agunt,

164 2877 266 2938 vitare
289 2876 446 2958 possunt?
469 2876 613 2956 Quodsi
635 2877 760 2955 scIentia
782 2876 887 2938 illaad
909 2877 984 2938 nihil
1006 2889 1052 2937 est
1068 2877 1163 2945 utilis,
1229 2873 1232 2878 ’

164 2979 289 3042 tollitur
310 2979 369 3040 iam
384 2979 569 3060 prudentia:
593 2979 635 3040 ita
654 2990 689 3040 ut
706 2978 804 3042 multo
823 2979 933 3040 melior
954 2980 993 3041 sit
1011 2980 1069 3040 ista
1088 3001 1165 3039 con-

166 3081 348 3164 sequentia:
371 3081 398 3143 si
424 3094 470 3144 est
490 3083 621 3156 Fatum,
658 3103 721 3144 non
747 3103 814 3142 esse
834 3069 1041 3163 prudentiam.
1086 3083 1167 3144 Nam
1210 3065 1213 3069 ¹

168 3187 328 3266 quomodo
342 3183 396 3244 Iex
410 3183 532 3244 tollitur
551 3185 632 3245 Fato
655 3184 807 3260 admissu,
833 3187 943 3250 eodem
964 3186 1058 3245 modo
1081 3183 1166 3244 tolli-

166 3297 221 3348 tur
244 3297 274 3346 et
292 3285 468 3366 prudentia.
521 3285 591 3365 Qua
609 3288 740 3366 ,sublata
768 3287 925 3370 sequitur,
952 3297 988 3350 ut
1018 3285 1169 3348 tollantur

169 3399 200 3451 et
222 3387 282 3450 alia
305 3389 377 3464 illa,
416 3408 497 3470 qnae
522 3389 624 3470 posita
650 3389 813 3471 prudentia
838 3387 915 3470 poni
944 3389 991 3448 ab·
1011 3387 1070 3452 ittis
1105 3397 1168 3450 sta·

168 3503 310 3558 ttutntur.
882 3497 885 3508 '

568 3596 773 3670 XXXVIII.

234 3699 301 3763 Iam
324 3721 404 3762 vero
426 3701 512 3781 quod
537 3698 581 3761 illi
605 3720 667 3761 non
688 3701 832 3780 eoquod
859 3701 1024 3759 ostendunt
1047 3719 1171 3760 manere

174 3803 378 3867 animantibus
402 3823 449 3864 ex·
464 3803 603 3884 appetitu
620 3801 789 3864 motionem
798 3848 812 3876 ‚.
831 3800 949 3864 etiamsi
971 3801 1074 3864 omnia
1090 3801 1171 3864 Fato

171 3906 263 3982 fiant,
290 3907 333 3968 ob
351 3904 383 3968 id
400 3904 577 3990 relinquunt
599 3904 691 3972 nobis
710 3903 741 3970 id
761 3907 845 3988 quod
869 3904 900 3970 In
918 3915 1024 3968 nostra
1044 3915 1089 3968 est
1110 3923 1169 3986 po-
