2754 4510
1064 319 1125 384 nm
1156 283 1160 294 “

214 497 253 552 nt
271 488 504 554 necessitatem
515 484 595 566 fati
613 485 792 563 confirmet
811 489 946 553 invitae.
972 483 1129 564 (Schult-

210 589 310 667 heaa.)
906 631 909 638 ·

146 687 181 769 7)
209 677 429 772 ὀνομάτων
448 689 523 772 μὲν
542 679 621 771 γὰρ
643 681 728 766 etc.]
758 684 930 750 ItaHavn.
953 685 1038 751 Edd.
1055 680 1145 754 ὀνο-“

208 781 321 875 μάτων
339 793 401 873 μὲν
421 781 489 854 ὀῦν.
596 791 598 796 ’

144 889 181 970 8)
209 884 256 956 δι’
280 877 332 956 ὧν
351 887 413 969 τι]
439 888 518 954 Ald.
542 891 575 952 1.
598 883 630 956 δ’
653 878 698 956 ὧν
717 913 769 968 τις
789 889 917 954 vitiose.

144 994 182 1076 9)
209 985 262 1058 ἐπ’
284 987 395 1082 ἆυτῷ
415 1015 456 1058 τι
477 991 608 1071 dinae]
632 991 762 1076 Optima
782 993 862 1056 haec
881 991 978 1058 lectio
995 995 1128 1058 debetur

208 1094 264 1159 uni
285 1093 400 1160 Codici
421 1096 531 1160 Ham.
561 1095 647 1158 Edd.
669 1090 716 1160 ἐπ’
740 1089 830 1188 ἆυτῷ
851 1099 998 1168 τιθέναι.
1032 1097 1108 1179 (0.)

123 1200 180 1280 10)
207 1193 266 1266 ὑπ’
289 1193 444 1278 ἄντοῦ]
465 1198 544 1262 Ald.
568 1199 601 1261 1.
623 1190 689 1264 ὑπό
709 1222 770 1266 του
791 1198 918 1265 vitiose.

124 1321 180 1400 11)
208 1319 262 1413 τῷ
282 1321 393 1386 ilvae
413 1319 589 1409 λογικῷ]
612 1321 720 1385 Havn.
741 1316 782 1386 τὸ
803 1321 888 1404 dinae
901 1321 1032 1413 λογικῷ.
1052 1323 1131 1387 Non

208 1423 305 1488 male.
373 1422 470 1486 Haud
504 1422 700 1487 sollicitanda
730 1423 834 1488 tamen
869 1424 1000 1510 vulgata
1031 1424 1128 1491 lectio

208 1527 255 1618 τῷ
267 1527 351 1593 ε’ἴναι
365 1525 506 1618 λογικῷ,
528 1528 614 1608 qnia
627 1535 676 1591 est
687 1529 820 1592 ratione
833 1527 1032 1610 praeditos..
1053 1527 1128 1609 (Ο.)

123 1627 180 1711 ¹2)
208 1624 292 1697 κατ’
316 1623 461 1708 cicade]
490 1629 598 1692 Ham.
613 1631 669 1692 καὶ
684 1621 819 1705 ταύτας.
861 1629 925 1692 Sed
938 1630 1129 1694 benehabet

208 1733 394 1816 vulgatum:
417 1734 453 1794 in
471 1734 551 1796 mis.
573 1730 647 1812 (0.)
669 1727 798 1795 Codicis
819 1731 1009 1796 Havnicnsis
1029 1733 1129 1798 lectio

210 1833 390 1918 requireret
410 1845 575 1916 praeterea
595 1833 628 1897 in
650 1833 904 1898 antecedentibus
926 1835 1128 1901 omissionem

209 1933 406 2022 pronominis
428 1929 452 2002 a*
473 1947 544 2000 ante
566 1937 663 2017 ἐίκει,
685 1957 766 2020 quae
786 1936 869 2002 ratio
890 1936 1015 2002 minime
1036 1939 1127 2003 vide·
1157 2023 1159 2030 Α

209 2053 263 2104 tur
284 2042 479 2122 spernenda;
509 2033 533 2106 ii
555 2039 634 2104 oriri
654 2051 782 2124 poterat
803 2061 845 2104 ea
865 2041 1067 2125 praecedenti
1087 2040 1128 2106 li·

207 2155 279 2208 tera
299 2125 335 2208 ἆ.
378 2144 491 2225 (Oasp.
513 2142 632 2222 Orell.)

124 2247 181 2329 1³)
210 2242 338 2315 ὁποῖα
360 2241 583 2339 φαίνεται]
617 2241 671 2304 Sic
691 2241 826 2305 Aldinae
848 2241 1003 2310 etCaael.
1027 2237 1130 2335 ὅμοια

211 2336 366 2443 φαίνὲται
380 2349 488 2413 Lond.
504 2344 619 2430 procul
633 2344 730 2410 dubio
741 2356 892 2429 typorum
907 2369 1032 2414 errore.
1054 2351 1130 2432 (Ο.)

125 2455 182 2536 11)
211 2445 278 2520 ὅτι
298 2449 338 2519 τὶ
365 2447 472 2544 λόγῳ
493 2448 621 2516 τοῦτο
642 2442 789 2530 δόξαν]
812 2440 865 2516 ὅτι
885 2461 972 2515 recte
993 2452 1130 2518 abestin

211 2558 322 2621 Havn.
417 2601 421 2612 ·

126 2659 182 2741 15)
211 2653 307 2726 deice
327 2657 367 2726 τί
385 2652 470 2725 ποτ’
494 2657 610 2724 ἐστιν
632 2650 735 2724 ἆυτό
756 2650 851 2723 diac
885 2657 926 2722 ἐν
951 2657 1040 2725 Ιτίνι
1066 2658 1129 2747 ye'.

209 2759 348 2841 νεται]
392 2761 446 2826 Sic
472 2759 590 2845 optime
619 2758 706 2825 Cod.
728 2761 838 2825 Havn.
870 2759 955 2824 Edd.
979 2755 1054 2828 ὀύτε
1075 2754 1131 2831 ὅτι

210 2858 282 2933 ποτ’
306 2865 394 2931 ἔστιν
414 2859 503 2956 ἆυτῷ
525 2858 600 2930 ddra
621 2861 656 2930 ἕν
676 2886 741 2929 τινι
761 2861 895 2949 γίνεται.
938 2862 1002 2926 Sed
1017 2885 1130 2934 verum

210 2966 274 3032 iam
293 2965 372 3032 vidit
393 2967 539 3034 Grotius.
561 2966 635 3047 (0.)
668 2965 755 3030 Mox
775 2966 828 3030 vel
849 2967 1000 3052 λέγουσιν
1022 2969 1170 3066 delen-⁴,

212 3073 305 3150 dum,
342 3069 395 3135 vel
415 3081 487 3134 ante
507 3061 745 3164 ῥᾳθυμότερον
765 3066 883 3134 excidit
903 3059 967 3138 du.
1015 3074 1129 3157 (Cnsp.

216 3175 336 3255 oren.)

126 3274 183 3355 16)
208 3267 276 3352 Ὡς
302 3269 380 3364 γὰρ
412 3267 523 3363 ἄλλῷ
555 3270 597 3338 ἐν
624 3265 735 3362 ἄλλῳ
763 3266 809 3337 τὸ
831 3268 963 3349 divae]
1007 3267 1132 3355 Recepi

212 3376 460 3442 emendationem
482 3373 601 3440 Coaelii
621 3394 717 3438 aenan
737 3372 911 3458 flagitante.
935 3370 1064 3438 Caeteri
1086 3368 1132 3452 ὡς

211 3475 276 3571 γὰρ
298 3476 406 3556 ἄλλως
426 3475 515 3570 ἄλλῷ
537 3473 576 3546 τὸ
598 3477 691 3543 ilvae.
713 3475 786 3556 (Ο.)
811 3477 1048 3540 Emendandnm
1069 3497 1133 3558 po·

211 3581 275 3646 tina
305 3591 394 3646 erate
433 3575 494 3658 Ὡς
514 3574 579 3668 γὰρ
601 3573 712 3656 ἁπλῶς
740 3579 774 3643 ἐν
801 3574 892 3669 ἄλλῷ
914 3573 953 3644 τὸ
985 3580 1069 3647 ἐῖναι
1097 3589 1136 3640 nt

211 3685 295 3750 infra
315 3699 393 3769 pag.
415 3683 470 3748 52.
492 3679 534 3749 τὰ
556 3676 596 3748 δι’
619 3675 710 3766 ἡμῶν
730 3673 841 3756 ἁπλῶς
862 3681 1004 3764 γίνεται,
1037 3699 1134 3762 quum

212 3783 301 3878 ἄλλῷ
323 3789 359 3853 δὲ
382 3788 415 3854 ἐν
436 3782 526 3878 ἄλλῷ
547 3806 625 3849 mox
645 3793 802 3848 recurrat.
844 3785 958 3866 (Onsp.
980 3782 1102 3858 Orell.)

128 3893 183 3972 17)
211 3889 252 3974 ἐι)
272 3889 325 3982 τῷ
347 3887 521 3980 λογικῷ]
544 3889 578 3956 ἐν
599 3885 702 3954 addidi
723 3905 794 3952 mun
815 3883 925 3954 Havn.
948 3893 979 3948 et
1002 3880 1112 3950 Casel.
