2694 4508
222 293 263 356 42

218 465 422 553 βεβλημένοις
439 458 565 543 ἀντίας,
598 457 637 530 δι’
657 457 697 543 ἀς
722 457 781 552 οὐχ
802 457 873 531 ὁίύν
893 485 927 530 τε
948 459 1035 550 ἡμᾶς
1059 461 1105 552 μὴ
1127 469 1232 536 τούτο

219 562 414 659 άιρείσθαι,
444 565 538 650 ίκανι)
557 567 659 649 δείξαι
676 571 731 634 καί
752 561 773 648 ἡ
793 569 845 635 ἐπὶ
864 570 934 647 τοῖς
950 563 1120 660 άιρεθείσι
1142 595 1233 657 χινσ-

218 673 298 760 μὲνη
329 665 488 750 πολλάκις
514 666 683 759 μετάνοια.
731 664 792 750 Ὡς
815 668 879 762 γάρ
907 666 979 739 ἐνὸν
1004 666 1085 759 ἡμῖν
1111 672 1232 741 καὶτὸ

218 772 264 862 μὴ
278 770 434 868 ᾑρῆσθαι
451 774 498 857 8),
520 780 576 843 καὶ
592 771 638 862 μὴ
655 778 854 864 πεπραχέναι
872 776 987 856 τούτο,
1007 780 1231 866 μιτανοούμεν

218 903 251 945 τε
274 884 331 946 καὶ
350 875 561 972 μεμφόμεθα
579 875 694 957 άοτσίς
714 880 744 960 9)
765 880 825 961 τῆς
845 884 919 968 περί
935 875 996 962 τὴν
1009 876 1136 965 βουλὴν
1159 876 1232 950 ὀλο*

202 982 351 1074 μωρίας.
388 979 495 1052 Ἀλλά
519 977 580 1076 κᾷν
603 979 726 1060 ἄλλους
751 982 868 1069 ἴδωμεν
888 985 933 1064 ¹⁰)
954 978 1000 1104 μὴ
1027 984 1134 1061 καλῶς
1158 989 1232 1074 περί

219 1087 282 1154 τῶν
306 1091 474 1179 πρακτέων
490 1081 779 1174 διαλαμβάνοντας
794 1087 857 1168 ”),
878 1081 1039 1178 κάκείνοις
1054 1087 1231 1154 ἐπικαλού-

217 1213 276 1279 μεν
304 1186 364 1270 ὡς
378 1185 628 1281 ἁμαρτάνουσιν
658 1188 715 1270 ”).
759 1184 941 1312 Ἀξιούμεν
969 1190 1005 1256 δέ
990 1183 1231 1277 ἑσομβούλσις

216 1277 356 1371 τοιοίςδε
360 1293 547 1412 χρῆσθαι,
569 1287 613 1370 ὡς
633 1285 727 1382 ἐφ’(
707 1293 786 1376 ημίν
807 1287 845 1360 δν
866 1288 905 1357 τὸ
926 1315 961 1358 τε
983 1295 1026 1373 ’3)
1050 1297 1231 1385 παραλαμ-

214 1389 371 1481 βάνειν’
350 1390 473 1472 αυτούς
493 1388 749 1481 σομβούλοος”
729 1415 845 1475 οντας,
880 1388 903 1474 ἢ
928 1389 974 1478 μὴ
1002 1390 1231 1485 παραλαμβω

215 1521 302 1579 νειν,
339 1491 383 1576 ὡς
403 1490 526 1586 πράξαν
548 1493 589 1564 ἀν
610 1487 655 1577 ¹4)
677 1491 734 1574 διὰ
755 1491 815 1578 τὴν
835 1490 1078 1565 τῶντοιούτων
1099 1521 1230 1590 παρον-

217 1600 293 1668 σίαν
314 1598 401 1667 ἀλλα
423 1596 498 1668 τινά
519 1601 563 1683 ¹⁵)
585 1605 640 1667 καί
660 1595 706 1687 μὴ
728 1600 836 1666 ταῦτα
857 1591 881 1666 ύί
900 1593 1102 1691 πράσσομεν.
1133 1596 1228 1669 Ἀλλ’

216 1693 269 1770 ίίτι
289 1708 357 1792 μὲν.
371 1699 409 1769 τὸ
432 1698 481 1797 ἐφ’
505 1697 597 1792 ἡμῶν
620 1704 671 1771 ἐπὶ
692 1697 817 1782 τούτων
837 1705 1089 1825 κατχχορείται,
1125 1691 1171 1771 ὧν
1194 1705 1231 1774 ἓν

214 1830 292 1893 ημιν
312 1834 333 1889 η
356 1807 486 1890 ἐξουσία
507 1808 567 1874 τού
588 1807 731 1875 ἑλέσθαι
753 1809 808 1874 καί
830 1801 872 1873 τά
894 1800 1115 1936 ἀντικείμενα,
1143 1803 1229 1891 γνού-

141 1913 146 1934 “
213 1935 312 2001 ριμσν
333 1905 371 1978 δν
392 1915 448 1980 καὶ
470 1906 543 1993 νίζ’
523 1912 644 1992 αυτοῦ,
673 1906 770 1978 ἱκανά
791 1904 980 1998 ὑπομνῆσαι
1001 1913 1058 1976 καί
1078 1905 1121 1975 τά
1143 1935 1228 2022 προ

144 2085 146 2092 ,
216 2015 378 2104 ειρημένα

690 2117 747 2182 ΙΓ.

281 2217 443 2290 Τοιούτων
465 2211 492 2288 δ’
515 2215 610 2298 ὄντος
632 2216 751 2300 ἀντού,
784 2213 823 2285 τύ
850 2223 910 2305 μὲν
938 2213 1101 2287 δεικνύναι
1123 2220 1223 2287 τοῦτο

111 2377 113 2386 .
213 2319 394 2414 σωζόμενον
410 2321 497 2393 κατά
509 2321 586 2402 τούς
598 2317 707 2390 πάντα
722 2324 877 2409 λέγοντας
897 2321 1057 2408 γίνεσθαι
1077 2317 1159 2390 καθ’
1176 2323 1222 2390 ἐι·

211 2432 380 2522 μαρμένην
396 2424 471 2496 οὐδὲ
484 2427 682 2517 ἐπιχειροῦσι
694 2421 753 2508 τὴν
769 2421 887 2518 ἀρχὴν,
914 2427 1006 2492 ἴσασι
1016 2422 1080 2512 γάρ
1103 2427 1222 2515 ἐπιχει-

212 2528 368 2624 ρήσοντες
382 2534 409 2614 ’)
424 2525 620 2612 ἀδυνάτοις,
642 2525 686 2608 ὡς
707 2532 742 2596 δὲ
764 2531 815 2598 ἐπὶ
829 2529 888 2609 τῆς
899 2524 997 2617 τύχης
1011 2525 1094 2618 ἀλλο
1110 2553 1143 2596 ιι
1160 2552 1220 2610 ση-

135 2653 139 2660 “
209 2631 408 2724 μαινόμενον
424 2631 606 2711 ὑποθέντες
620 2635 666 2724 τῷ
685 2633 743 2714 τῆς
763 2627 861 2720 τύχης
882 2627 1038 2719 ὀνόματι,
1059 2627 1221 2723 παράγειν

212 2741 386 2827 πειρῶνται
408 2737 484 2816 τοὺς
498 2731 681 2814 ἀκούοντας
702 2731 818 2815 ἀντῶν,
841 2729 884 2813 ὡς
904 2729 1076 2816 σώζεσθαι
1089 2739 1146 2802 καί
1160 2730 1221 2802 ἀυ-

211 2846 280 2919 τοῖς
294 2837 373 2921 ’)
340 2865 378 2907 το
393 2836 459 2908 ἀπὸ
473 2837 571 2928 τύχης
583 2839 744 2962 χίνεσθαί
756 2863 839 2906 τινα.
858 2831 960 2906 Ὁύτω
974 2841 1082 2906 δὲκαὶ
1095 2841 1146 2906 ἐπί
1160 2838 1221 2904 τού

211 2939 259 3064 ἐφ’
283 2938 361 3031 ἡμῖν
382 2944 555 3024 ποιοῦσιν,
589 2939 800 3032 ἀναιροῦντες
819 2939 883 3068 γάρ
905 2937 944 3008 τὸ
966 2940 1156 3023 ἐξουσίαν’
1136 2965 1220 3030 οχειν

209 3043 289 3114 τόνα
273 3041 468 3135 νθρωπον
489 3046 548 3127 τῆς
569 3041 723 3135 ἀιρέσεως
744 3069 778 3111 τι
799 3049 855 3110 καί
876 3039 1020 3135 πράξεως
1042 3043 1105 3111 τῶν
1127 3039 1219 3112 ἀντι-

154 3194 156 3200 κ
208 3152 375 3238 κειμένων,
412 3150 599 3235 λέγουσιν
584 3145 632 3242 σφ’
656 3143 734 3237 ἡμῖν
755 3149 838 3215 ἒίναι
858 3145 897 3213 τὸ
918 3143 1089 3234 γινόμενον
1109 3149 1138 3228 ⁵)
1161 3151 1218 3215 καί

209 3247 248 3320 δι’
272 3249 373 3342 ἡμῶν.
412 3246 500 3318 Ἐπεί
521 3246 586 3342 γάρ
609 3274 713 3344 φασι,
745 3251 809 3318 τῶν
830 3247 933 3317 ὄντων
953 3275 988 3316 τε
1011 3254 1066 3316 καὶ
1087 3253 1217 3339 γινομὲ·

209 3378 272 3422 νων
293 3357 329 3421 αἱ
349 3348 487 3449 φύσεις,
523 3352 630 3445 ἕτεροί
658 3376 692 3420 τι
722 3357 777 3419 καί
805 3347 983 3446 διάφοροι,
1018 3350 1071 3434 (ού
1093 3347 1157 3445 γὰρ
1180 3355 1218 3420 al

209 3452 308 3524 ἀνταὶ
334 3459 399 3526 τῶν
426 3453 580 3553 ἐμψύχων
606 3481 642 3524 τε
669 3461 725 3524 καί
751 3457 815 3524 τῶν
849 3451 1006 3551 ἀψύχων,
1039 3451 1106 3524 ἀλλ’
1139 3451 1216 3524 ούδδ

207 3559 271 3627 τῶν
293 3557 447 3653 ἐμψύχων
468 3556 622 3630 ἁπάντων
643 3563 679 3627 αί
700 3556 799 3627 ἀνταί
815 3555 945 3628 πάλιν·
982 3563 1018 3625 αί
1044 3555 1109 3650 γάρ
1142 3553 1212 3626 κατ’

208 3665 293 3741 ἐίδος
315 3663 378 3731 τῶν
400 3660 502 3732 ὄντων
524 3668 686 3760 διαφοραί
707 3659 767 3742 τάς
789 3665 851 3730 τῶν
873 3659 1003 3755 φύσεων
1017 3657 1125 3731 ἀντῶν
1139 3665 1214 3730 διάη

207 3895 246 3937 να
256 3867 347 3938 Ικατόι
363 3867 420 3950 τὴν
435 3866 557 3940 οἰκείαν
571 3866 689 3964 φύσιν,
714 3867 828 3958 τὰμὲν
850 3863 913 3936 ὑπὸ
932 3871 1035 3938 λίθον
1050 3867 1136 3936 κατά
1152 3867 1213 3951 τὴν

1203 4075 1211 4104 λ
