2748 4514
1080 337 1139 401 105

129 509 229 570 dando
252 517 308 568 aut
333 525 399 567 non
420 491 542 580 dando,
578 495 630 566 aut
654 503 862 586 Aesculapius
888 526 995 568 cruram
1029 505 1136 571 nostri

128 610 282 693 gerendo.
329 609 444 670 Ferme
464 627 571 670 omnes
590 607 733 670 homines
752 609 906 690 adipsum
924 601 1128 686 concurrunt,
1194 661 1201 672 ,
1226 689 1235 700 ¹

127 711 181 774 ubi
201 709 494 794 praesentissimum
520 720 567 772 est
590 709 656 772 eius
679 710 850 787 auxilium,
877 735 956 787 ¹cum
977 715 1037 775 hae
1063 715 1133 795 opi·

128 813 219 878 nIone
244 815 318 895 plus
342 834 413 875 erim
432 813 543 876 fauere
565 811 608 874 eis
634 811 688 895 qui
711 834 841 894 operam
868 817 942 876 dant
969 827 1004 878 ut
1031 815 1134 897 ipsum

128 918 261 979 habeant
291 915 353 979 sibi
379 915 579 996 praestitem,
621 937 714 997 quam
740 917 771 979 in
797 917 829 979 id
856 938 987 999 operam
1019 920 1133 982 nullam

128 1019 392 1102 impendentibus.

547 1119 719 1185 XXXIII.

190 1227 291 1308 Quod
315 1236 419 1288 autem
442 1225 548 1286 dicum
568 1209 622 1288 'itti
645 1243 700 1288 eos
729 1226 782 1308 qui
804 1246 867 1294 uon
895 1233 1025 1310 putant,
1064 1250 1134 1292 cum

125 1328 308 1394 defenditur
332 1327 532 1390 animantium
555 1349 596 1390 ex
617 1329 760 1410 appetitu
782 1330 899 1406 motio,
925 1352 964 1395 eo
985 1331 1057 1413 ipso
1079 1335 1133 1394 de·
1165 1379 1169 1388 .

125 1431 214 1499 feudi
236 1431 268 1494 id
291 1432 381 1514 quod
408 1441 456 1493 est
479 1431 511 1493 in
528 1435 638 1494 nostra
662 1444 837 1513 potestate,
864 1455 929 1496 non
953 1435 1133 1499 existimare
1217 1460 1219 1473 ¹

124 1534 156 1598 iu
179 1533 394 1616 appetentium
412 1554 485 1595 esse
501 1546 659 1614 potestate
677 1535 770 1596 talem
792 1557 834 1597 ex
855 1536 996 1617 appetitu
1018 1535 1136 1602 motio-

124 1659 212 1714 nem,
249 1651 282 1700 et
306 1648 480 1718 propterea
503 1636 703 1721 interrogant
726 1660 830 1702 annon
852 1651 938 1702 actus
961 1643 1014 1704 vel
1035 1643 1133 1706 motio

123 1741 164 1804 sit
186 1743 278 1824 quod
306 1740 339 1802 in
364 1751 474 1802 nostra
503 1751 660 1820 potestate
690 1752 758 1816 est,
796 1742 922 1824 hocque
947 1742 1023 1823 ipsis
1058 1766 1135 1808 con·

125 1865 217 1908 cesso
240 1844 357 1905 iterum
389 1841 607 1926 interrogant,
648 1861 750 1906 autnon
780 1855 903 1906 actuum
931 1845 982 1907 alii
1011 1859 1135 1910 exstant

123 1969 164 2010 ex
189 1945 403 2030 appetitione,
446 1943 497 2006 alii
519 1947 637 2028 absque
663 1967 718 2026 ea3
750 1967 814 2028 quo
832 1968 985 2011 concesso
1007 1971 1133 2030 rursum

124 2053 244 2112 addunt
275 2071 386 2112 eorum
409 2069 489 2130 quae
506 2047 572 2112 sine
595 2048 789 2130 appetitione
806 2049 884 2112 fiunt
910 2051 988 2114 nihil
1011 2072 1079 2114 esse
1097 2052 1136 2126 ,iu
1196 2077 1198 2080 ·

121 2166 236 2218 nostra
260 2163 443 2233 potestate:
478 2173 542 2234 quo
568 2174 694 2214 rursum
721 2154 814 2228 dato,
846 2156 961 2217 addunt
983 2156 1132 2232 ulterius,

121 2277 221 2322 omne
258 2257 347 2337 quod
372 2254 564 2335 appetitione
593 2255 628 2316 fit
658 2275 726 2316 esse
757 2255 789 2316 in
824 2269 982 2338 potestate
1017 2259 1149 2322 sacien-'

124 2359 229 2434 timu,
255 2357 507 2441 quandoquidem
529 2357 561 2418 id
579 2379 642 2422 non
661 2357 839 2438 reperiatur
857 2359 889 2421 in
905 2360 995 2422 aliter
1010 2362 1131 2424 facien-

124 2463 232 2537 tibus,
268 2483 307 2524 ac
327 2459 462 2542 proinde
488 2459 596 2522 dicunt
618 2483 636 2522 a
658 2482 692 2524 se
714 2482 841 2543 quoque
867 2462 991 2525 defendi
1012 2463 1043 2526 in
1065 2475 1134 2526 tan-

122 2577 193 2629 tum
223 2566 315 2648 quod
340 2562 374 2624 iu
405 2554 516 2627 nostra
544 2575 702 2644 potestate
731 2574 797 2638 est,
840 2575 988 2646 quantum
1015 2588 1073 2630 uos
1103 2568 1136 2630 id

122 2651 298 2752 possimus
318 2666 425 2736 facere
454 2667 505 2728 vel
534 2655 598 2729 non
623 2667 747 2741 facere,
796 2689 877 2749 quae
908 2679 1010 2729 autem
1044 2669 1087 2731 ita
1120 2692 1137 2732 a

122 2771 220 2836 uobis
241 2769 341 2843 fiant,
361 2790 401 2832 ex
426 2768 567 2850 appetitu
592 2769 685 2831 fieri:
709 2791 814 2833 nonne
835 2771 914 2832 ha'cc
936 2771 1039 2834 omnia
1063 2786 1134 2836 sunt

124 2877 228 2938 verba
249 2872 467 2958 ignorantium
496 2883 608 2933 contra
633 2873 708 2954 quid
741 2871 923 2954 disputent?
956 2876 1031 2937 Non
1054 2876 1134 2940 euim

123 2980 151 3042 si
176 2981 221 3042 ob
246 2976 281 3038 id
303 2978 391 3057 meod
412 2975 518 3038 dicunt
542 2975 724 3038 conceditur
742 2975 774 3038 in
795 2976 832 3038 iis
859 2998 1032 3058 quaecum
1062 3002 1133 3046 mn-

124 3082 214 3147 tioue
239 3103 283 3143 ex
305 3078 446 3159 appetitu
463 3079 558 3154 fiunt,
584 3078 732 3160 ‘conspici
750 3079 783 3141 id
800 3082 887 3162 quod
905 3092 952 3143 est
972 3079 1004 3143 in
1021 3093 1131 3143 nostra

125 3195 314 3269 potestate,
354 3201 393 3246 eo
418 3182 561 3263 sequitur
583 3203 675 3246 omne
694 3181 728 3244 id
746 3186 833 3264 quod
852 3204 893 3245 ex
915 3183 1056 3246 motione
1078 3205 1134 3264 ap·
1187 3185 1190 3192 '

126 3287 246 3370 petitus
268 3285 326 3360 fit,
364 3305 431 3347 esse
460 3284 492 3346 in
523 3296 633 3348 nostra
664 3296 834 3365 potestate.
879 3286 939 3347 Illa
964 3285 1045 3347 enim
1067 3288 1136 3350 sola

126 3411 243 3455 eorum
276 3408 356 3470 quae
385 3409 433 3450 ex·
454 3387 594 3469 appetitu
611 3388 726 3463 bunt,
763 3388 795 3451 in
828 3397 986 3469 potestate
1024 3401 1135 3452 nostra

126 3506 228 3568 snut,
266 3512 346 3574 quae
366 3491 446 3553 finnt
468 3513 510 3552 ex
538 3491 679 3573 appetitu
705 3490 836 3553 rationis
859 3489 1025 3572 participe.
1070 3493 1137 3556 Ra-

125 3596 222 3662 tionis
243 3605 350 3658 autem
363 3593 522 3676 particeps
541 3594 698 3676 appetitus
721 3593 820 3656 estin
842 3592 879 3654 iis
902 3613 982 3675 quae
1009 3579 1136 3659 cousul-

125 3712 194 3764 tant
220 3711 253 3762 ct
274 3695 435 3780 deligamt,
466 3696 498 3760 id
519 3710 565 3760 est
587 3698 758 3771 humanus,
783 3695 838 3759 ubi
859 3695 895 3756 fit
917 3695 983 3758 istis
1005 3719 1135 3778 praece·

128 3801 287 3894 deptibus.
333 3801 416 3862 Nam
443 3800 575 3864 aliorum
604 3799 804 3862 animantium
830 3820 871 3860 ex
895 3799 1037 3882 appetitu
1066 3821 1135 3864 mo·

128 3906 231 3970 dones
264 3925 330 3968 non
360 3913 433 3964 sunt
460 3897 660 3978 istiusmodi,
714 3903 789 3990 quia
819 3901 849 3966 in
880 3901 956 3983 ipsis
992 3923 1056 3966 non
1091 3913 1151 3996 est?
