2748 4514
206 319 266 382 106

199 479 360 574 γοόμενον
386 480 425 564 ⁶).
471 483 532 553 Διά
559 487 592 554 ἐν
625 489 697 564 ταῖς
726 483 813 554 καθ’·
843 483 948 577 ὁρμήν
976 488 1150 578 ἐνεργείαις
1172 487 1213 557 τό

203 584 253 682 ἐφ’
276 583 374 675 ἡμῖν,
395 583 434 655 οὐ
455 586 520 674 μήν
541 587 599 656 ὃιά
621 591 717 656 τοῦτο
739 590 831 656 πάσα
846 587 928 656 καθ’
946 586 1051 681 ὁρμήν
1069 593 1215 680 ἐνέργεια
1266 643 1269 658 ,

202 694 356 779 γινομένη
377 688 416 758 τό
438 687 487 783 ἐφ’
511 688 589 780 ἡμῖν
610 692 682 780 ἔχει.

885 1183 888 1206 λ
1090 1204 1093 1210 .

267 1218 347 1297 Πῶς
367 1212 396 1286 δ’
420 1214 480 1284 οὐκ
494 1211 699 1303 ἀγνοούντων
713 1216 756 1283 τά
766 1213 821 1309 ὑφ’
839 1213 947 1286 άυτών
957 1212 1115 1306 γινόμενα
1130 1221 1156 1301 ¹)
1171 1217 1211 1286 τό

205 1320 245 1416 τῇ
277 1318 425 1412 ἀληθείᾳ
457 1321 521 1387 τών
551 1323 743 1406 γινομένων,
784 1315 825 1403 ἢν
856 1319 1031 1410 ἀναιροῦσι
1063 1318 1122 1388 διά
1152 1314 1213 1390 τοι]

206 1419 388 1512 δόγματος,
410 1418 494 1517 ἀυτῇ
511 1423 697 1513 κεχρῆσθαι
725 1427 786 1505 ¹a)
818 1421 1125 1515 πρὸςκατασκευήν
1154 1427 1213 1492 τοῦ

206 1523 423 1620 ἀναιροῦντος
450 1522 552 1607 ἀυτην
534 1524 615 1608 v2)
648 1522 833 1613 δόγματοςς
874 1524 1047 1613 Λαβόντες
1078 1526 1145 1653 γάρ
1173 1525 1214 1594 τό

204 1635 343 1699 ἕκαστον
368 1630 431 1697 τών
453 1624 659 1697 συνεστώτων
681 1625 780 1722 φύσει
804 1626 929 1698 καθ(
914 1635 1111 1721 ειμαρμένην
1127 1634 1214 1700 εἶναι

204 1735 378 1814 τοιούτου,
401 1727 516 1801 ὁποῖόν
542 1735 627 1814 ἐστι,
651 1728 694 1811 ὡς
714 1729 838 1800 τάυτοῦ
857 1730 952 1811 ’σ’ντος
972 1735 1033 1800 τοῦ
1054 1759 1089 1800 τε
1111 1730 1211 1827 φύσει

201 1844 257 1906 καλ
289 1837 350 1904 τοῦ
381 1831 506 1905 καθΗ
490 1839 706 1926 ειμοιρμὲνην,
740 1839 964 1926 προςτιθέοισι
997 1833 1057 1918 τό,
1094 1833 1212 1906 οὐκοῦν

201 1938 291 2009 κατά
313 1937 373 2024 τήν
393 1943 588 2031 ἕιμαρμύνην
609 1945 665 2006 καὶ
692 1935 898 2020 ἀισθήσεται
920 1935 962 2006 τά
981 1941 1048 2021 ζώα
1073 1947 1131 2008 καὶ
1156 1937 1211 2032 ὁρ-

201 2040 309 2133 μήσει.
365 2047 438 2110 Καὶ
469 2041 512 2109 τά
542 2051 603 2129 μὲν
629 2044 693 2108 τών
724 2037 813 2122 ζώων
840 2038 1002 2133 ἐνεργήσει
1029 2038 1134 2131 μόνον
1162 2045 1209 2126 5),

201 2144 247 2214 τά
275 2150 311 2213 δὲ
341 2141 456 2234 πράξει
483 2142 526 2211 τά
557 2142 690 2230 λογικά,
727 2150 784 2212 καὶ
810 2141 852 2212 τά
882 2154 942 2233 μὲν
966 2137 1210 2238 ἁμαρτήσεται,

202 2245 248 2315 τά
275 2251 311 2316 δὲ
338 2242 562 2338 κατορθώσει.
621 2249 736 2314 Ταῦτα
757 2246 821 2338 γάρ
843 2245 974 2330 τούτοις
997 2246 1086 2316 κατά
1110 2246 1211 2342 φύσιν

203 2355 274 2440 μέν.
307 2347 434 2420 Ὄντων
455 2354 490 2418 δὲ
512 2357 569 2417 καὶ
590 2345 836 2442 ἁμαρτημάτων
851 2356 908 2419 καὶ
926 2349 1209 2442 κατορθωμάτων,

200 2462 258 2524 καὶ
269 2449 503 2532 τῶντοιούτων
517 2449 646 2548 φύσεων
660 2460 717 2521 καὶ
726 2451 911 2536 ποιοτήτων
920 2452 966 2542 μή
981 2452 1207 2543 ἀγνοουμένων

201 2565 258 2627 καὶ
276 2553 406 2626 ἔπαινοι
425 2565 485 2645 μὲν
503 2563 559 2625 καὶ
579 2553 705 2652 ψόγοι,
727 2563 784 2624 καὶ
804 2563 898 2645 τιμαὶ
914 2564 971 2626 καὶ
990 2554 1143 2638 κολάσεις
1164 2553 1208 2641 4)·

201 2665 309 2730 ταῦτα
346 2659 410 2752 γάρ
450 2657 554 2740 όύτως
589 2661 652 2782 ἕγει
682 2657 892 2740 ἀκολουθίας
924 2687 965 2728 τε
1001 2668 1058 2728 καὶ
1083 2657 1208 2745 τάξεως.

204 2763 250 2832 Οό
279 2763 344 2852 μὴν
377 2760 607 2832 ἀκολουθεῑ’
596 2765 644 2830 ε’τι
675 2765 782 2831 ταῦτα
814 2767 932 2832 τοῦτον
962 2765 1124 2851 γίνεσθαι
1155 2764 1209 2833 τόν

200 2862 326 2958 τρόπον
346 2871 416 2944 τοῖς
437 2863 496 2949 τὴν
517 2863 619 2960 φύσιν
634 2892 670 2934 τε
690 2873 747 2934 καὶ
768 2864 811 2934 τά
821 2864 986 2989 γιγόμενα
1008 2865 1095 2935 κατά
1109 2864 1210 2962 φύσιν

202 2973 249 3048 ἕις
273 2966 333 3050 τὴν
354 2967 550 3060 ἑιμυιρμενην
577 2995 612 3038 τε
640 2977 697 3038 καὶ
723 2968 783 3052 τήν
811 2966 956 3057 ἀνάγκην
975 2975 1208 3064 μεταφέρουσι.

203 3069 306 3141 Κατά
321 3066 424 3167 φύσιν
444 3071 585 3161 μὲνγὰρ
611 3079 682 3152 τοῖς
701 3081 896 3165 πρακτικοῖς
920 3098 954 3140 τε
982 3080 1039 3142 καὶ
1066 3078 1209 3160 λογικοῖς

200 3173 295 3259 ζώοις
324 3171 364 3242 τὸ
391 3179 451 3240 καὶ
476 3170 679 3295 ἁμαρτάνειν
710 3183 766 3244 και
793 3178 988 3268 κατορθοῦν
1019 3172 1208 3260 δύνασθαι,

172 3303 174 3310 ’
200 3282 247 3372 τῷ
280 3273 508 3369 μηδέτερον
489 3302 597 3344 αυτων
627 3285 732 3346 ποιεῖν
764 3283 1088 3367 κατηναγκασμένος.
1139 3284 1207 3348 Καὶ

201 3349 287 3450 τόύτἱ
312 3379 441 3464 ἀληθές
463 3383 532 3449 ἐστι
554 3387 611 3447 καὶ
628 3383 746 3449 τοῦτον
767 3382 830 3471 ἔχει
851 3379 909 3452 τόν
925 3379 1064 3468 τρόπον,
1086 3379 1126 3452 ού
1150 3387 1209 3469 μέν

113 3541 115 3547 .
200 3511 254 3553 τοι
274 3511 327 3573 γε,
365 3479 417 3552 ότι
440 3480 550 3554 πάντα
578 3485 607 3567 ⁵)
637 3479 841 3606 ἀπριοῦμεν
879 3485 912 3568 ἐξ
945 3477 1090 3571 ι’νάγκης
1120 3482 1207 3573 ἡμεῖς

191 3587 305 3658 ποιεῖν
332 3592 505 3674 λέγουσιν,
537 3588 649 3656 ἔπειτα
669 3586 747 3668 τούς
768 3597 829 3710 μὲν
849 3591 1046 3676 κατορθοῦν
1067 3591 1131 3658 τών
1152 3595 1208 3658 λο-

201 3691 301 3779 γικώς
323 3688 556 3782 ἐνεργούντων,
593 3689 730 3772 τοόςδὲ
739 3687 979 3810 ἁμαρτάνειν,
1008 3689 1084 3774 ἐξ
1064 3689 1209 3780 ἀνάγκης
1264 3727 1268 3736 ·

201 3798 254 3863 δε
264 3789 375 3863 πάντα
406 3797 578 3883 ποιοῦμεν
615 3791 697 3863 καθ’
733 3791 791 3874 όάς
821 3790 984 3862 ἀδύνατον
1016 3801 1077 3882 μεν
1108 3798 1207 3864 τῶνδε

199 3898 296 3968 τινών
309 3891 531 3989 περιεστώτων
546 3896 594 3985 μὴ
610 3894 769 3984 πράσσειν
789 3894 892 3986 ἡμᾶς,
914 3893 1000 3966 τάθ
1017 3893 1207 3986 ἐξάνάγκης

1353 548 1361 645 λ
