<?xml version="1.0" encoding="UTF-8"?>
<!DOCTYPE html PUBLIC "-//W3C//DTD XHTML 1.0 Transitional//EN"
    "http://www.w3.org/TR/xhtml1/DTD/xhtml1-transitional.dtd">
<html xmlns="http://www.w3.org/1999/xhtml" xml:lang="en" lang="en">
 <head>
  <title>
</title>
<meta http-equiv="Content-Type" content="text/html;charset=utf-8" />
  <meta name='ocr-system' content='tesseract 3.04.00' />
  <meta name='ocr-capabilities' content='ocr_page ocr_carea ocr_par ocr_line ocrx_word'/>
</head>
<body>
  <div class='ocr_page' id='page_1' title='image "./alexandriaprodi00alexgoog_0113.png"; bbox 0 0 2748 4514; ppageno 0'>
   <div class='ocr_carea' id='block_1_1' title="bbox 252 329 291 395">
    <p class='ocr_par' dir='ltr' id='par_1_1' title="bbox 252 329 291 395">
     <span class='ocr_line' id='line_1_1' title="bbox 252 329 291 395; baseline -0.128 0"><span class='ocrx_word' id='word_1_1' title='bbox 252 329 291 395; x_wconf 77' lang='lat'><em>95</em></span> 
     </span>
    </p>
   </div>
   <div class='ocr_carea' id='block_1_2' title="bbox 180 471 1263 1916">
    <p class='ocr_par' dir='ltr' id='par_1_2' title="bbox 180 471 1263 1916">
     <span class='ocr_line' id='line_1_2' title="bbox 252 471 1259 584; baseline -0.022 -22"><span class='ocrx_word' id='word_1_2' title='bbox 252 495 410 584; x_wconf 75' lang='grc' dir='ltr'><em>ἐσομένων</em></span> <span class='ocrx_word' id='word_1_3' title='bbox 432 493 504 580; x_wconf 82' lang='grc' dir='ltr'><em>περὶ</em></span> <span class='ocrx_word' id='word_1_4' title='bbox 525 475 568 554; x_wconf 78' lang='lat'><em>55</em></span> <span class='ocrx_word' id='word_1_5' title='bbox 590 486 786 577; x_wconf 86' lang='grc' dir='ltr'><em>προλέγουσι</em></span> <span class='ocrx_word' id='word_1_6' title='bbox 807 484 860 562; x_wconf 77' lang='lat'><em>¹³).</em></span> <span class='ocrx_word' id='word_1_7' title='bbox 902 471 1073 546; x_wconf 84' lang='grc' dir='ltr'><em>Καθόλου</em></span> <span class='ocrx_word' id='word_1_8' title='bbox 1099 476 1173 542; x_wconf 76' lang='grc' dir='ltr'><em>δέ’</em></span> <span class='ocrx_word' id='word_1_9' title='bbox 1157 500 1186 541; x_wconf 85' lang='grc' dir='ltr'><em>ει</em></span> <span class='ocrx_word' id='word_1_10' title='bbox 1199 479 1259 562; x_wconf 70' lang='grc' dir='ltr'><em>μέν</em></span> 
     </span>
     <span class='ocr_line' id='line_1_3' title="bbox 255 577 1258 679; baseline -0.024 -14"><span class='ocrx_word' id='word_1_11' title='bbox 255 593 364 665; x_wconf 80' lang='grc' dir='ltr'><em>πάντα</em></span> <span class='ocrx_word' id='word_1_12' title='bbox 392 597 461 670; x_wconf 83' lang='grc' dir='ltr'><em>τοῖς</em></span> <span class='ocrx_word' id='word_1_13' title='bbox 482 595 580 668; x_wconf 84' lang='grc' dir='ltr'><em>θεοῖς</em></span> <span class='ocrx_word' id='word_1_14' title='bbox 611 583 734 656; x_wconf 82' lang='grc' dir='ltr'><em>δυνατά</em></span> <span class='ocrx_word' id='word_1_15' title='bbox 757 583 802 666; x_wconf 87' lang='lat'><em>¹⁴)</em></span> <span class='ocrx_word' id='word_1_16' title='bbox 832 605 936 679; x_wconf 78' lang='grc' dir='ltr'><em>φασιν</em></span> <span class='ocrx_word' id='word_1_17' title='bbox 964 581 1064 660; x_wconf 82' lang='grc' dir='ltr'><em>εῖναι,</em></span> <span class='ocrx_word' id='word_1_18' title='bbox 1100 577 1197 646; x_wconf 81' lang='grc' dir='ltr'><em>ἔσται</em></span> <span class='ocrx_word' id='word_1_19' title='bbox 1222 579 1258 642; x_wconf 80' lang='grc' dir='ltr'><em>δέ</em></span> 
     </span>
     <span class='ocr_line' id='line_1_4' title="bbox 253 674 1258 769; baseline -0.022 -1"><span class='ocrx_word' id='word_1_20' title='bbox 253 706 309 768; x_wconf 79' lang='grc' dir='ltr'><em>καὶ</em></span> <span class='ocrx_word' id='word_1_21' title='bbox 329 695 373 764; x_wconf 89' lang='grc' dir='ltr'><em>τόι</em></span> <span class='ocrx_word' id='word_1_22' title='bbox 393 690 578 763; x_wconf 83' lang='grc' dir='ltr'><em>ἆδόνατιι’</em></span> <span class='ocrx_word' id='word_1_23' title='bbox 563 691 693 769; x_wconf 81' lang='grc' dir='ltr'><em>ικιίνοις</em></span> <span class='ocrx_word' id='word_1_24' title='bbox 715 683 856 766; x_wconf 76' lang='grc' dir='ltr'><em>δυνατὰ,</em></span> <span class='ocrx_word' id='word_1_25' title='bbox 896 681 934 752; x_wconf 89' lang='lat'><em>05</em></span> <span class='ocrx_word' id='word_1_26' title='bbox 956 681 1021 764; x_wconf 82' lang='grc' dir='ltr'><em>μὴν</em></span> <span class='ocrx_word' id='word_1_27' title='bbox 1042 674 1258 768; x_wconf 69' lang='grc' dir='ltr'><strong><em>δειχθήσεται</em></strong></span> 
     </span>
     <span class='ocr_line' id='line_1_5' title="bbox 254 777 1260 884; baseline -0.023 -14"><span class='ocrx_word' id='word_1_28' title='bbox 254 800 310 870; x_wconf 84' lang='grc' dir='ltr'><em>διὰ</em></span> <span class='ocrx_word' id='word_1_29' title='bbox 331 803 388 882; x_wconf 83' lang='grc' dir='ltr'><em>τῆς</em></span> <span class='ocrx_word' id='word_1_30' title='bbox 409 798 534 864; x_wconf 81' lang='grc' dir='ltr'><strong><em>ἐκείνων</em></strong></span> <span class='ocrx_word' id='word_1_31' title='bbox 555 799 643 884; x_wconf 80' lang='grc' dir='ltr'><em>περὶ</em></span> <span class='ocrx_word' id='word_1_32' title='bbox 655 793 720 860; x_wconf 80' lang='grc' dir='ltr'><em>τῶν</em></span> <span class='ocrx_word' id='word_1_33' title='bbox 746 784 929 878; x_wconf 77' lang='grc' dir='ltr'><em>μελλόντων</em></span> <span class='ocrx_word' id='word_1_34' title='bbox 956 779 1191 877; x_wconf 74' lang='grc' dir='ltr'><em>προγνώσεως,</em></span> <span class='ocrx_word' id='word_1_35' title='bbox 1220 777 1260 848; x_wconf 89' lang='grc' dir='ltr'><em>τό</em></span> 
     </span>
     <span class='ocr_line' id='line_1_6' title="bbox 253 882 1261 1020; baseline -0.024 -47"><span class='ocrx_word' id='word_1_36' title='bbox 253 901 362 974; x_wconf 77' lang='grc' dir='ltr'><em>πάντα</em></span> <span class='ocrx_word' id='word_1_37' title='bbox 383 896 455 983; x_wconf 79' lang='grc' dir='ltr'><em>ἐξ</em></span> <span class='ocrx_word' id='word_1_38' title='bbox 436 893 580 1020; x_wconf 81' lang='grc' dir='ltr'><em>αγόγκης</em></span> <span class='ocrx_word' id='word_1_39' title='bbox 601 893 645 962; x_wconf 88' lang='grc' dir='ltr'><em>τόι</em></span> <span class='ocrx_word' id='word_1_40' title='bbox 664 889 820 981; x_wconf 86' lang='grc' dir='ltr'><em>γινόμενα</em></span> <span class='ocrx_word' id='word_1_41' title='bbox 839 890 1007 977; x_wconf 82' lang='grc' dir='ltr'><em>γίνεσθαι.</em></span> <span class='ocrx_word' id='word_1_42' title='bbox 1045 882 1103 952; x_wconf 74' lang='lat'><em>&#39;55</em></span> <span class='ocrx_word' id='word_1_43' title='bbox 1125 887 1161 952; x_wconf 79' lang='grc' dir='ltr'><em>δέ</em></span> <span class='ocrx_word' id='word_1_44' title='bbox 1184 908 1261 970; x_wconf 88' lang='grc' dir='ltr'><em>συγ-</em></span> 
     </span>
     <span class='ocr_line' id='line_1_7' title="bbox 180 989 1261 1099; baseline -0.023 -23"><span class='ocrx_word' id='word_1_45' title='bbox 180 997 183 1006; x_wconf 61' lang='grc'><strong>’</strong></span> <span class='ocrx_word' id='word_1_46' title='bbox 252 1007 395 1099; x_wconf 77' lang='grc' dir='ltr'><em>χωροῦσι</em></span> <span class='ocrx_word' id='word_1_47' title='bbox 426 1001 469 1069; x_wconf 89' lang='grc' dir='ltr'><em>τόι</em></span> <span class='ocrx_word' id='word_1_48' title='bbox 501 997 650 1067; x_wconf 81' lang='lat'><strong><em>555555555</em></strong></span> <span class='ocrx_word' id='word_1_49' title='bbox 685 1001 741 1064; x_wconf 86' lang='grc' dir='ltr'><em>καὶ</em></span> <span class='ocrx_word' id='word_1_50' title='bbox 769 999 839 1073; x_wconf 77' lang='grc' dir='ltr'><em>τοῖς</em></span> <span class='ocrx_word' id='word_1_51' title='bbox 866 993 1007 1070; x_wconf 85' lang='grc' dir='ltr'><em>θεοῖς’</em></span> <span class='ocrx_word' id='word_1_52' title='bbox 992 995 1076 1059; x_wconf 85' lang='grc' dir='ltr'><em>εῖναι</em></span> <span class='ocrx_word' id='word_1_53' title='bbox 1104 989 1261 1068; x_wconf 81' lang='grc' dir='ltr'><em>τοιαῦτα,</em></span> 
     </span>
     <span class='ocr_line' id='line_1_8' title="bbox 255 1087 1262 1201; baseline -0.02 -23"><span class='ocrx_word' id='word_1_54' title='bbox 255 1111 386 1201; x_wconf 78' lang='grc' dir='ltr'><em>πρῶτον</em></span> <span class='ocrx_word' id='word_1_55' title='bbox 416 1113 477 1192; x_wconf 81' lang='grc' dir='ltr'><em>μὲν</em></span> <span class='ocrx_word' id='word_1_56' title='bbox 505 1099 626 1180; x_wconf 78' lang='grc' dir='ltr'><em>δοιοὺς</em></span> <span class='ocrx_word' id='word_1_57' title='bbox 654 1097 717 1192; x_wconf 80' lang='grc' dir='ltr'><em>χρὴ</em></span> <span class='ocrx_word' id='word_1_58' title='bbox 748 1099 913 1166; x_wconf 84' lang='grc' dir='ltr'><em>δεικνῖναι</em></span> <span class='ocrx_word' id='word_1_59' title='bbox 934 1089 1113 1174; x_wconf 73' lang='grc' dir='ltr'><em>δυνατόν’</em></span> <span class='ocrx_word' id='word_1_60' title='bbox 1096 1096 1183 1159; x_wconf 86' lang='grc' dir='ltr'><em>εῖναι</em></span> <span class='ocrx_word' id='word_1_61' title='bbox 1204 1087 1262 1172; x_wconf 81' lang='grc' dir='ltr'><em>τὴν</em></span> 
     </span>
     <span class='ocr_line' id='line_1_9' title="bbox 257 1193 1263 1299; baseline -0.018 -22"><span class='ocrx_word' id='word_1_62' title='bbox 257 1207 387 1278; x_wconf 81' lang='grc' dir='ltr'><em>τοιάνδε</em></span> <span class='ocrx_word' id='word_1_63' title='bbox 408 1202 612 1299; x_wconf 76' lang='grc' dir='ltr'><em>πρόγνωσιν,</em></span> <span class='ocrx_word' id='word_1_64' title='bbox 635 1197 744 1270; x_wconf 66' lang='grc' dir='ltr'><em>έιθΗ</em></span> <span class='ocrx_word' id='word_1_65' title='bbox 727 1197 831 1277; x_wconf 85' lang='grc' dir='ltr'><em>οότως</em></span> <span class='ocrx_word' id='word_1_66' title='bbox 855 1195 957 1280; x_wconf 78' lang='grc' dir='ltr'><em>ἀυτὴν</em></span> <span class='ocrx_word' id='word_1_67' title='bbox 978 1193 1181 1264; x_wconf 72' lang='grc' dir='ltr'><em>ἀνατιθέναι</em></span> <span class='ocrx_word' id='word_1_68' title='bbox 1194 1198 1263 1271; x_wconf 83' lang='grc' dir='ltr'><em>τοῖς</em></span> 
     </span>
     <span class='ocr_line' id='line_1_10' title="bbox 255 1298 1263 1426; baseline -0.018 -45"><span class='ocrx_word' id='word_1_69' title='bbox 255 1319 364 1390; x_wconf 86' lang='grc' dir='ltr'><em>θεοῖς.</em></span> <span class='ocrx_word' id='word_1_70' title='bbox 424 1307 504 1376; x_wconf 77' lang='grc' dir='ltr'><em>Οὔτε</em></span> <span class='ocrx_word' id='word_1_71' title='bbox 534 1305 598 1426; x_wconf 87' lang='grc' dir='ltr'><em>γόιρ</em></span> <span class='ocrx_word' id='word_1_72' title='bbox 628 1309 760 1395; x_wconf 80' lang='grc' dir='ltr'><em>ἐναργὲς</em></span> <span class='ocrx_word' id='word_1_73' title='bbox 789 1299 866 1370; x_wconf 76' lang='grc' dir='ltr'><em>οὔθ</em></span> <span class='ocrx_word' id='word_1_74' title='bbox 897 1298 962 1368; x_wconf 81' lang='grc' dir='ltr'><em>ὑπὸ</em></span> <span class='ocrx_word' id='word_1_75' title='bbox 992 1301 1055 1366; x_wconf 81' lang='grc' dir='ltr'><em>τῶν</em></span> <span class='ocrx_word' id='word_1_76' title='bbox 1085 1300 1263 1386; x_wconf 71' lang='grc' dir='ltr'><em>γινομένων</em></span> 
     </span>
     <span class='ocr_line' id='line_1_11' title="bbox 257 1395 1263 1502; baseline -0.014 -22"><span class='ocrx_word' id='word_1_77' title='bbox 257 1408 519 1502; x_wconf 79' lang='grc' dir='ltr'><em>ὁμολογούμενον</em></span> <span class='ocrx_word' id='word_1_78' title='bbox 554 1407 593 1475; x_wconf 88' lang='grc' dir='ltr'><em>τὸ</em></span> <span class='ocrx_word' id='word_1_79' title='bbox 630 1404 754 1489; x_wconf 80' lang='grc' dir='ltr'><em>ταύτην</em></span> <span class='ocrx_word' id='word_1_80' title='bbox 788 1403 848 1487; x_wconf 81' lang='grc' dir='ltr'><em>τὴν</em></span> <span class='ocrx_word' id='word_1_81' title='bbox 880 1409 953 1494; x_wconf 85' lang='grc' dir='ltr'><em>περὶ</em></span> <span class='ocrx_word' id='word_1_82' title='bbox 984 1403 1048 1468; x_wconf 81' lang='grc' dir='ltr'><em>τῖιν</em></span> <span class='ocrx_word' id='word_1_83' title='bbox 1078 1395 1263 1487; x_wconf 85' lang='grc' dir='ltr'><em>μελλόντων</em></span> 
     </span>
     <span class='ocr_line' id='line_1_12' title="bbox 256 1498 1263 1628; baseline -0.016 -44"><span class='ocrx_word' id='word_1_84' title='bbox 256 1512 440 1608; x_wconf 83' lang='grc' dir='ltr'><em>πρόγνωσιν</em></span> <span class='ocrx_word' id='word_1_85' title='bbox 460 1516 635 1580; x_wconf 86' lang='grc' dir='ltr'><em>ποιεῖσθαι</em></span> <span class='ocrx_word' id='word_1_86' title='bbox 656 1507 735 1588; x_wconf 77' lang='grc' dir='ltr'><em>τοὺς</em></span> <span class='ocrx_word' id='word_1_87' title='bbox 755 1503 870 1628; x_wconf 82' lang='grc' dir='ltr'><em>θερός.</em></span> <span class='ocrx_word' id='word_1_88' title='bbox 900 1501 1039 1594; x_wconf 81' lang='grc' dir='ltr'><em>Ἡμεῖς</em></span> <span class='ocrx_word' id='word_1_89' title='bbox 1036 1511 1094 1572; x_wconf 79' lang='grc' dir='ltr'><em>ιιὲν</em></span> <span class='ocrx_word' id='word_1_90' title='bbox 1116 1498 1177 1571; x_wconf 82' lang='grc' dir='ltr'><em>ὀῦν</em></span> <span class='ocrx_word' id='word_1_91' title='bbox 1191 1498 1263 1570; x_wconf 88' lang='grc' dir='ltr'><em>όότε</em></span> 
     </span>
     <span class='ocr_line' id='line_1_13' title="bbox 257 1603 1263 1741; baseline -0.017 -55"><span class='ocrx_word' id='word_1_92' title='bbox 257 1616 453 1741; x_wconf 81' lang='grc' dir='ltr'><em>ἀναιροῖμιν</em></span> <span class='ocrx_word' id='word_1_93' title='bbox 471 1612 650 1734; x_wconf 81' lang='grc' dir='ltr'><em>μαντικὴν,</em></span> <span class='ocrx_word' id='word_1_94' title='bbox 687 1609 760 1680; x_wconf 88' lang='grc' dir='ltr'><em>ὀότε</em></span> <span class='ocrx_word' id='word_1_95' title='bbox 783 1607 841 1693; x_wconf 81' lang='grc' dir='ltr'><em>τὴν</em></span> <span class='ocrx_word' id='word_1_96' title='bbox 861 1603 1056 1730; x_wconf 84' lang='grc' dir='ltr'><em>πρόγνωσιν</em></span> <span class='ocrx_word' id='word_1_97' title='bbox 1067 1606 1131 1674; x_wconf 78' lang='grc' dir='ltr'><em>τῶν</em></span> <span class='ocrx_word' id='word_1_98' title='bbox 1153 1607 1263 1674; x_wconf 72' lang='grc' dir='ltr'><em>θεῶν,</em></span> 
     </span>
     <span class='ocr_line' id='line_1_14' title="bbox 258 1705 1263 1813; baseline -0.014 -25"><span class='ocrx_word' id='word_1_99' title='bbox 258 1718 300 1800; x_wconf 81' lang='grc' dir='ltr'><em>ὡς</em></span> <span class='ocrx_word' id='word_1_100' title='bbox 336 1721 399 1808; x_wconf 82' lang='grc' dir='ltr'><em>ἔχει</em></span> <span class='ocrx_word' id='word_1_101' title='bbox 432 1715 564 1813; x_wconf 79' lang='grc' dir='ltr'><em>ιγόσεως</em></span> <span class='ocrx_word' id='word_1_102' title='bbox 587 1714 631 1785; x_wconf 83' lang='grc' dir='ltr'><em>τό</em></span> <span class='ocrx_word' id='word_1_103' title='bbox 661 1711 860 1807; x_wconf 79' lang='grc' dir='ltr'><em>πράγματα,</em></span> <span class='ocrx_word' id='word_1_104' title='bbox 898 1708 1001 1798; x_wconf 81' lang='grc' dir='ltr'><em>ὁότως</em></span> <span class='ocrx_word' id='word_1_105' title='bbox 1037 1705 1161 1788; x_wconf 80' lang='grc' dir='ltr'><em>ἄνισός</em></span> <span class='ocrx_word' id='word_1_106' title='bbox 1193 1712 1263 1799; x_wconf 78' lang='grc' dir='ltr'><em>περὶ</em></span> 
     </span>
     <span class='ocr_line' id='line_1_15' title="bbox 258 1821 732 1916; baseline -0.017 -22"><span class='ocrx_word' id='word_1_107' title='bbox 258 1821 364 1894; x_wconf 79' lang='grc' dir='ltr'><em>ἆυτιῖν</em></span> <span class='ocrx_word' id='word_1_108' title='bbox 386 1825 555 1916; x_wconf 85' lang='grc' dir='ltr'><em>προλέγειν</em></span> <span class='ocrx_word' id='word_1_109' title='bbox 576 1824 732 1907; x_wconf 83' lang='grc' dir='ltr'><em>λέγοντες.</em></span> 
     </span>
    </p>
   </div>
   <div class='ocr_carea' id='block_1_3' title="bbox 323 2111 1266 2355">
    <p class='ocr_par' dir='ltr' id='par_1_3' title="bbox 329 2111 1266 2326">
     <span class='ocr_line' id='line_1_16' title="bbox 727 2111 857 2177; baseline 0.008 -1"><span class='ocrx_word' id='word_1_110' title='bbox 727 2111 806 2177; x_wconf 83' lang='grc' dir='ltr'><em>ΚΑ.</em></span> <span class='ocrx_word' id='word_1_111' title='bbox 847 2155 857 2177; x_wconf 84' lang='grc'>.</span> 
     </span>
     <span class='ocr_line' id='line_1_17' title="bbox 323 2224 1266 2355; baseline -0.007 -52.955"><span class='ocrx_word' id='word_1_112' title='bbox 323 2229 411 2304; x_wconf 67' lang='lat'><strong><em>’²555</em></strong></span> <span class='ocrx_word' id='word_1_113' title='bbox 446 2229 529 2300; x_wconf 82' lang='grc' dir='ltr'><em>οὐδέ</em></span> <span class='ocrx_word' id='word_1_114' title='bbox 508 2226 795 2355; x_wconf 72' lang='grc' dir='ltr'><em>έᾶεγαιροόμεθιι</em></span> <span class='ocrx_word' id='word_1_115' title='bbox 825 2233 887 2300; x_wconf 82' lang='grc' dir='ltr'><em>τῶν</em></span> <span class='ocrx_word' id='word_1_116' title='bbox 915 2224 1104 2322; x_wconf 77' lang='grc' dir='ltr'><em>ἀνθρώπων</em></span> <span class='ocrx_word' id='word_1_117' title='bbox 1133 2225 1173 2296; x_wconf 87' lang='grc' dir='ltr'><em>τό</em></span> <span class='ocrx_word' id='word_1_118' title='bbox 1202 2224 1266 2296; x_wconf 81' lang='grc' dir='ltr'><em>όπό</em></span> 
     </span>
    </p>
   </div>
   <div class='ocr_carea' id='block_1_4' title="bbox 260 2329 1269 2556">
    <p class='ocr_par' dir='ltr' id='par_1_4' title="bbox 260 2329 1269 2534">
     <span class='ocr_line' id='line_1_18' title="bbox 260 2329 1269 2433; baseline -0.007 -28"><span class='ocrx_word' id='word_1_119' title='bbox 260 2337 418 2433; x_wconf 79' lang='grc' dir='ltr'><em>μαντικῆς</em></span> <span class='ocrx_word' id='word_1_120' title='bbox 437 2332 618 2426; x_wconf 83' lang='grc' dir='ltr'><em>χρήσιμον,</em></span> <span class='ocrx_word' id='word_1_121' title='bbox 641 2329 660 2400; x_wconf 81' lang='grc' dir='ltr'><em>ό</em></span> <span class='ocrx_word' id='word_1_122' title='bbox 681 2360 806 2421; x_wconf 86' lang='grc' dir='ltr'><em>γινεται</em></span> <span class='ocrx_word' id='word_1_123' title='bbox 828 2338 855 2416; x_wconf 89' lang='lat'><em>¹)</em></span> <span class='ocrx_word' id='word_1_124' title='bbox 876 2359 921 2426; x_wconf 81' lang='grc' dir='ltr'><em>τιμ</em></span> <span class='ocrx_word' id='word_1_125' title='bbox 906 2329 1107 2400; x_wconf 82' lang='grc' dir='ltr'><em>δύνασθαί</em></span> <span class='ocrx_word' id='word_1_126' title='bbox 1124 2357 1201 2400; x_wconf 89' lang='grc' dir='ltr'><em>τινα</em></span> <span class='ocrx_word' id='word_1_127' title='bbox 1215 2338 1269 2399; x_wconf 80' lang='grc' dir='ltr'><em>καὶ</em></span> 
     </span>
     <span class='ocr_line' id='line_1_19' title="bbox 263 2431 1269 2556; baseline -0.006 -48"><span class='ocrx_word' id='word_1_128' title='bbox 263 2435 486 2534; x_wconf 77' lang='grc' dir='ltr'><em>φυλάξασθαί</em></span> <span class='ocrx_word' id='word_1_129' title='bbox 513 2463 547 2504; x_wconf 92' lang='grc' dir='ltr'><em>τι</em></span> <span class='ocrx_word' id='word_1_130' title='bbox 574 2435 619 2527; x_wconf 79' lang='grc' dir='ltr'><em>μὴ</em></span> <span class='ocrx_word' id='word_1_131' title='bbox 648 2433 926 2556; x_wconf 46' lang='grc' dir='ltr'><em>φυλαξάμενον)</em></span> <span class='ocrx_word' id='word_1_132' title='bbox 905 2461 962 2515; x_wconf 90' lang='grc' dir='ltr'><em>αν,</em></span> <span class='ocrx_word' id='word_1_133' title='bbox 992 2433 1036 2525; x_wconf 80' lang='grc' dir='ltr'><em>μὴ</em></span> <span class='ocrx_word' id='word_1_134' title='bbox 1065 2431 1269 2526; x_wconf 77' lang='grc' dir='ltr'><em>συμβουλεύ-</em></span> 
     </span>
    </p>
   </div>
   <div class='ocr_carea' id='block_1_5' title="bbox 264 2535 1365 2628">
    <p class='ocr_par' dir='ltr' id='par_1_5' title="bbox 264 2535 1365 2628">
     <span class='ocr_line' id='line_1_20' title="bbox 264 2535 1365 2628; baseline -0.01 -19"><span class='ocrx_word' id='word_1_135' title='bbox 264 2567 387 2620; x_wconf 79' lang='grc' dir='ltr'><em>σαντος</em></span> <span class='ocrx_word' id='word_1_136' title='bbox 408 2542 466 2608; x_wconf 80' lang='grc' dir='ltr'><em>τοῦ</em></span> <span class='ocrx_word' id='word_1_137' title='bbox 489 2543 584 2608; x_wconf 81' lang='grc' dir='ltr'><em>θεοῦ.</em></span> <span class='ocrx_word' id='word_1_138' title='bbox 623 2535 739 2607; x_wconf 74' lang='lat'><strong><em>‘0555</em></strong></span> <span class='ocrx_word' id='word_1_139' title='bbox 725 2537 942 2628; x_wconf 80' lang='grc' dir='ltr'><em>ὲόμνοῦντες</em></span> <span class='ocrx_word' id='word_1_140' title='bbox 968 2539 999 2620; x_wconf 86' lang='lat'><em>²)</em></span> <span class='ocrx_word' id='word_1_141' title='bbox 1028 2536 1087 2620; x_wconf 83' lang='grc' dir='ltr'><em>τὴν</em></span> <span class='ocrx_word' id='word_1_142' title='bbox 1108 2536 1270 2627; x_wconf 80' lang='grc' dir='ltr'><em>μαντικὴν</em></span> <span class='ocrx_word' id='word_1_143' title='bbox 1364 2585 1365 2598; x_wconf 67' lang='grc'>,</span> 
     </span>
    </p>
   </div>
   <div class='ocr_carea' id='block_1_6' title="bbox 207 2639 1270 3960">
    <p class='ocr_par' dir='ltr' id='par_1_6' title="bbox 207 2639 1269 3354">
     <span class='ocr_line' id='line_1_21' title="bbox 207 2639 1269 2732; baseline -0.004 -20"><span class='ocrx_word' id='word_1_144' title='bbox 207 2672 209 2676; x_wconf 95' lang='grc'><strong><em>·</em></strong></span> <span class='ocrx_word' id='word_1_145' title='bbox 262 2653 318 2714; x_wconf 86' lang='grc' dir='ltr'><em>καὶ</em></span> <span class='ocrx_word' id='word_1_146' title='bbox 346 2642 433 2713; x_wconf 78' lang='grc' dir='ltr'><em>κατὰ</em></span> <span class='ocrx_word' id='word_1_147' title='bbox 464 2641 522 2712; x_wconf 77' lang='grc' dir='ltr'><em>τόν</em></span> <span class='ocrx_word' id='word_1_148' title='bbox 551 2639 659 2711; x_wconf 80' lang='grc' dir='ltr'><em>οῖυτιῖν</em></span> <span class='ocrx_word' id='word_1_149' title='bbox 686 2639 786 2731; x_wconf 88' lang='grc' dir='ltr'><em>λόγον</em></span> <span class='ocrx_word' id='word_1_150' title='bbox 806 2639 909 2732; x_wconf 91' lang='grc' dir='ltr'><em>μόνον</em></span> <span class='ocrx_word' id='word_1_151' title='bbox 930 2639 1101 2724; x_wconf 82' lang='grc' dir='ltr'><em>σώζεσθαι</em></span> <span class='ocrx_word' id='word_1_152' title='bbox 1123 2645 1269 2728; x_wconf 82' lang='grc' dir='ltr'><em>λέγοντες</em></span> 
     </span>
     <span class='ocr_line' id='line_1_22' title="bbox 263 2741 1268 2841; baseline -0.004 -27"><span class='ocrx_word' id='word_1_153' title='bbox 263 2745 387 2830; x_wconf 73' lang='grc' dir='ltr'><em>ιἰυτὴν,</em></span> <span class='ocrx_word' id='word_1_154' title='bbox 419 2752 474 2813; x_wconf 84' lang='grc' dir='ltr'><em>καὶ</em></span> <span class='ocrx_word' id='word_1_155' title='bbox 495 2742 599 2841; x_wconf 81' lang='grc' dir='ltr'><em>ταύτῃ</em></span> <span class='ocrx_word' id='word_1_156' title='bbox 620 2747 726 2814; x_wconf 86' lang='grc' dir='ltr'><em>πίστει</em></span> <span class='ocrx_word' id='word_1_157' title='bbox 748 2751 775 2828; x_wconf 75' lang='lat'><em>3)</em></span> <span class='ocrx_word' id='word_1_158' title='bbox 797 2749 857 2813; x_wconf 84' lang='lat'><em>505</em></span> <span class='ocrx_word' id='word_1_159' title='bbox 877 2741 987 2813; x_wconf 79' lang='grc' dir='ltr'><em>πάντα</em></span> <span class='ocrx_word' id='word_1_160' title='bbox 1010 2741 1091 2812; x_wconf 69' lang='grc' dir='ltr'><em>καθ’</em></span> <span class='ocrx_word' id='word_1_161' title='bbox 1115 2747 1268 2836; x_wconf 77' lang='grc' dir='ltr'><em>ιἰμαρμέ·</em></span> 
     </span>
     <span class='ocr_line' id='line_1_23' title="bbox 263 2842 1268 2942; baseline -0.004 -24"><span class='ocrx_word' id='word_1_162' title='bbox 263 2875 321 2931; x_wconf 89' lang='grc' dir='ltr'><em>νην</em></span> <span class='ocrx_word' id='word_1_163' title='bbox 342 2851 501 2936; x_wconf 86' lang='grc' dir='ltr'><em>γίνεσθαι</em></span> <span class='ocrx_word' id='word_1_164' title='bbox 520 2846 696 2942; x_wconf 88' lang='grc' dir='ltr'><em>χρώμενοι,</em></span> <span class='ocrx_word' id='word_1_165' title='bbox 718 2847 801 2940; x_wconf 84' lang='grc' dir='ltr'><em>πρὸς</em></span> <span class='ocrx_word' id='word_1_166' title='bbox 822 2849 868 2940; x_wconf 76' lang='grc' dir='ltr'><em>τῷ</em></span> <span class='ocrx_word' id='word_1_167' title='bbox 887 2842 989 2937; x_wconf 82' lang='grc' dir='ltr'><em>μηδὲν</em></span> <span class='ocrx_word' id='word_1_168' title='bbox 1010 2845 1141 2930; x_wconf 78' lang='grc' dir='ltr'><em>ἀληθές</em></span> <span class='ocrx_word' id='word_1_169' title='bbox 1156 2852 1268 2935; x_wconf 87' lang='grc' dir='ltr'><em>λέγειν,</em></span> 
     </span>
     <span class='ocr_line' id='line_1_24' title="bbox 231 2947 1269 3046; baseline -0.001 -27"><span class='ocrx_word' id='word_1_170' title='bbox 231 2979 233 2984; x_wconf 95' lang='grc'><strong><em>·</em></strong></span> <span class='ocrx_word' id='word_1_171' title='bbox 262 2955 394 3043; x_wconf 85' lang='grc' dir='ltr'><em>προςέτι</em></span> <span class='ocrx_word' id='word_1_172' title='bbox 414 2959 469 3018; x_wconf 84' lang='grc' dir='ltr'><em>καὶ</em></span> <span class='ocrx_word' id='word_1_173' title='bbox 491 2947 602 3019; x_wconf 77' lang='grc' dir='ltr'><em>ότοποῖ</em></span> <span class='ocrx_word' id='word_1_174' title='bbox 622 2978 697 3020; x_wconf 89' lang='grc' dir='ltr'><em>τινα</em></span> <span class='ocrx_word' id='word_1_175' title='bbox 718 2959 772 3019; x_wconf 82' lang='grc' dir='ltr'><em>καὶ</em></span> <span class='ocrx_word' id='word_1_176' title='bbox 788 2947 950 3046; x_wconf 76' lang='grc' dir='ltr'><em>ιἰλλότρια</em></span> <span class='ocrx_word' id='word_1_177' title='bbox 972 2947 1165 3019; x_wconf 78' lang='grc' dir='ltr'><em>παντάπασι</em></span> <span class='ocrx_word' id='word_1_178' title='bbox 1180 2952 1269 3018; x_wconf 79' lang='grc' dir='ltr'><em>θεῶν</em></span> 
     </span>
     <span class='ocr_line' id='line_1_25' title="bbox 263 3048 1269 3147; baseline -0.004 -24"><span class='ocrx_word' id='word_1_179' title='bbox 263 3060 337 3147; x_wconf 82' lang='grc' dir='ltr'><em>περὶ</em></span> <span class='ocrx_word' id='word_1_180' title='bbox 358 3048 465 3120; x_wconf 75' lang='grc' dir='ltr'><em>ιἰυτοῖν</em></span> <span class='ocrx_word' id='word_1_181' title='bbox 496 3057 553 3136; x_wconf 75' lang='lat'><em>³5)</em></span> <span class='ocrx_word' id='word_1_182' title='bbox 589 3057 733 3142; x_wconf 80' lang='grc' dir='ltr'><em>τολμῶσι</em></span> <span class='ocrx_word' id='word_1_183' title='bbox 754 3058 865 3141; x_wconf 86' lang='grc' dir='ltr'><em>λέγειν.</em></span> <span class='ocrx_word' id='word_1_184' title='bbox 886 3057 966 3132; x_wconf 81' lang='grc' dir='ltr'><em>Πῶς</em></span> <span class='ocrx_word' id='word_1_185' title='bbox 986 3053 1053 3146; x_wconf 82' lang='grc' dir='ltr'><em>πὰρ</em></span> <span class='ocrx_word' id='word_1_186' title='bbox 1077 3051 1136 3121; x_wconf 76' lang='grc' dir='ltr'><em>οὐκ</em></span> <span class='ocrx_word' id='word_1_187' title='bbox 1159 3051 1269 3122; x_wconf 79' lang='grc' dir='ltr'><em>ἄτοπα</em></span> 
     </span>
     <span class='ocr_line' id='line_1_26' title="bbox 262 3151 1268 3284; baseline 0 -60"><span class='ocrx_word' id='word_1_188' title='bbox 262 3155 306 3224; x_wconf 88' lang='grc' dir='ltr'><em>τόι</em></span> <span class='ocrx_word' id='word_1_189' title='bbox 326 3162 397 3248; x_wconf 79' lang='grc' dir='ltr'><em>περὶ</em></span> <span class='ocrx_word' id='word_1_190' title='bbox 420 3151 527 3222; x_wconf 79' lang='lat'><strong><em>55555</em></strong></span> <span class='ocrx_word' id='word_1_191' title='bbox 548 3151 598 3222; x_wconf 79' lang='grc' dir='ltr'><em>ὑπ’</em></span> <span class='ocrx_word' id='word_1_192' title='bbox 621 3153 729 3224; x_wconf 82' lang='lat'><strong><em>55555</em></strong></span> <span class='ocrx_word' id='word_1_193' title='bbox 752 3152 931 3284; x_wconf 73' lang='grc' dir='ltr'><em>λεγόμενος</em></span> <span class='ocrx_word' id='word_1_194' title='bbox 950 3153 1183 3248; x_wconf 85' lang='grc' dir='ltr'><em>Απορεόντων</em></span> <span class='ocrx_word' id='word_1_195' title='bbox 1204 3151 1268 3246; x_wconf 78' lang='grc' dir='ltr'><em>γάρ</em></span> 
     </span>
     <span class='ocr_line' id='line_1_27' title="bbox 265 3254 1267 3379; baseline -0.003 -51"><span class='ocrx_word' id='word_1_196' title='bbox 265 3285 360 3328; x_wconf 91' lang='grc' dir='ltr'><em>τινων</em></span> <span class='ocrx_word' id='word_1_197' title='bbox 380 3256 464 3354; x_wconf 86' lang='grc' dir='ltr'><em>πρὸς</em></span> <span class='ocrx_word' id='word_1_198' title='bbox 485 3254 622 3379; x_wconf 79' lang='grc' dir='ltr'><em>ἆγτοὺς,</em></span> <span class='ocrx_word' id='word_1_199' title='bbox 643 3259 675 3324; x_wconf 85' lang='grc' dir='ltr'><em>τί</em></span> <span class='ocrx_word' id='word_1_200' title='bbox 697 3255 736 3341; x_wconf 80' lang='grc' dir='ltr'><em>δή</em></span> <span class='ocrx_word' id='word_1_201' title='bbox 757 3285 853 3341; x_wconf 86' lang='grc' dir='ltr'><em>ποτε,</em></span> <span class='ocrx_word' id='word_1_202' title='bbox 876 3264 904 3327; x_wconf 83' lang='grc' dir='ltr'><em>ἐι</em></span> <span class='ocrx_word' id='word_1_203' title='bbox 925 3258 1034 3329; x_wconf 77' lang='grc' dir='ltr'><em>πάντα</em></span> <span class='ocrx_word' id='word_1_204' title='bbox 1055 3256 1099 3326; x_wconf 82' lang='grc' dir='ltr'><em>τὰ</em></span> <span class='ocrx_word' id='word_1_205' title='bbox 1112 3255 1267 3349; x_wconf 89' lang='grc' dir='ltr'><em>γινόμενα</em></span> 
     </span>
    </p>

    <p class='ocr_par' dir='ltr' id='par_1_7' title="bbox 227 3353 1270 3960">
     <span class='ocr_line' id='line_1_28' title="bbox 267 3353 1270 3452; baseline 0 -22"><span class='ocrx_word' id='word_1_206' title='bbox 267 3358 339 3444; x_wconf 76' lang='grc' dir='ltr'><em>ε’ξ’</em></span> <span class='ocrx_word' id='word_1_207' title='bbox 267 3358 463 3450; x_wconf 81' lang='grc' dir='ltr'><em>εανόγκης</em></span> <span class='ocrx_word' id='word_1_208' title='bbox 483 3362 628 3449; x_wconf 81' lang='grc' dir='ltr'><em>γίνεται,</em></span> <span class='ocrx_word' id='word_1_209' title='bbox 646 3366 697 3430; x_wconf 88' lang='grc' dir='ltr'><em>αἱ</em></span> <span class='ocrx_word' id='word_1_210' title='bbox 725 3359 817 3449; x_wconf 79' lang='grc' dir='ltr'><em>παρὰ</em></span> <span class='ocrx_word' id='word_1_211' title='bbox 837 3389 900 3431; x_wconf 92' lang='grc' dir='ltr'><em>των</em></span> <span class='ocrx_word' id='word_1_212' title='bbox 928 3353 1020 3431; x_wconf 82' lang='grc' dir='ltr'><em>θεῶν</em></span> <span class='ocrx_word' id='word_1_213' title='bbox 1039 3369 1192 3452; x_wconf 85' lang='grc' dir='ltr'><em>μαντεῖαι</em></span> <span class='ocrx_word' id='word_1_214' title='bbox 1211 3370 1270 3452; x_wconf 80' lang='grc' dir='ltr'><em>μέν</em></span> 
     </span>
     <span class='ocr_line' id='line_1_29' title="bbox 263 3461 1268 3556; baseline 0.001 -25"><span class='ocrx_word' id='word_1_215' title='bbox 263 3465 415 3550; x_wconf 84' lang='grc' dir='ltr'><em>γίνονται</em></span> <span class='ocrx_word' id='word_1_216' title='bbox 425 3465 665 3554; x_wconf 74' lang='grc' dir='ltr'><em>συμβουλαῖς</em></span> <span class='ocrx_word' id='word_1_217' title='bbox 649 3470 798 3546; x_wconf 79' lang='grc' dir='ltr'><em>εοιιιυῖαι,</em></span> <span class='ocrx_word' id='word_1_218' title='bbox 820 3463 864 3545; x_wconf 83' lang='grc' dir='ltr'><em>ὡς</em></span> <span class='ocrx_word' id='word_1_219' title='bbox 878 3470 1062 3556; x_wconf 89' lang='grc' dir='ltr'><em>δυναμένων</em></span> <span class='ocrx_word' id='word_1_220' title='bbox 1077 3461 1157 3534; x_wconf 72' lang='grc' dir='ltr'><em>δι’“</em></span> <span class='ocrx_word' id='word_1_221' title='bbox 1133 3495 1157 3532; x_wconf 93' lang='grc' dir='ltr'><em>α</em></span> <span class='ocrx_word' id='word_1_222' title='bbox 1170 3463 1268 3547; x_wconf 78' lang='grc' dir='ltr'><em>ἥκου-</em></span> 
     </span>
     <span class='ocr_line' id='line_1_30' title="bbox 251 3562 1269 3695; baseline 0.002 -61"><span class='ocrx_word' id='word_1_223' title='bbox 251 3570 379 3646; x_wconf 89' lang='grc' dir='ltr'><em>-σαν</em></span> <span class='ocrx_word' id='word_1_224' title='bbox 350 3562 379 3646; x_wconf 97' lang='grc'>4</span> <span class='ocrx_word' id='word_1_225' title='bbox 401 3573 456 3634; x_wconf 87' lang='grc' dir='ltr'><em>και</em></span> <span class='ocrx_word' id='word_1_226' title='bbox 478 3562 706 3695; x_wconf 75' lang='grc' dir='ltr'><em>φυλόξασθαέ</em></span> <span class='ocrx_word' id='word_1_227' title='bbox 722 3594 754 3636; x_wconf 90' lang='grc' dir='ltr'><em>τι</em></span> <span class='ocrx_word' id='word_1_228' title='bbox 775 3576 831 3638; x_wconf 84' lang='grc' dir='ltr'><em>καὶ</em></span> <span class='ocrx_word' id='word_1_229' title='bbox 851 3573 989 3637; x_wconf 80' lang='grc' dir='ltr'><em>ποιῖισαι</em></span> <span class='ocrx_word' id='word_1_230' title='bbox 1018 3572 1087 3637; x_wconf 80' lang='grc' dir='ltr'><em>τῶν</em></span> <span class='ocrx_word' id='word_1_231' title='bbox 1106 3563 1269 3668; x_wconf 76' lang='lat'><strong><em>55505555</em></strong></span> 
     </span>
     <span class='ocr_line' id='line_1_31' title="bbox 227 3657 1266 3794; baseline 0.004 -58"><span class='ocrx_word' id='word_1_232' title='bbox 227 3695 229 3699; x_wconf 90' lang='lat'>·</span> <span class='ocrx_word' id='word_1_233' title='bbox 264 3693 346 3749; x_wconf 87' lang='grc' dir='ltr'><em>των,</em></span> <span class='ocrx_word' id='word_1_234' title='bbox 366 3657 422 3735; x_wconf 87' lang='grc' dir='ltr'><em>ναι</em></span> <span class='ocrx_word' id='word_1_235' title='bbox 444 3666 483 3750; x_wconf 82' lang='grc' dir='ltr'><em>δὴ</em></span> <span class='ocrx_word' id='word_1_236' title='bbox 505 3676 560 3739; x_wconf 84' lang='grc' dir='ltr'><em>καὶ</em></span> <span class='ocrx_word' id='word_1_237' title='bbox 581 3668 640 3794; x_wconf 84' lang='grc' dir='ltr'><em>τόγ</em></span> <span class='ocrx_word' id='word_1_238' title='bbox 660 3673 706 3740; x_wconf 82' lang='grc' dir='ltr'><em>τιῖ</em></span> <span class='ocrx_word' id='word_1_239' title='bbox 727 3675 824 3766; x_wconf 74' lang='grc' dir='ltr'><em>Λαΐῳ</em></span> <span class='ocrx_word' id='word_1_240' title='bbox 845 3676 993 3740; x_wconf 87' lang='grc' dir='ltr'><em>δοθέντα</em></span> <span class='ocrx_word' id='word_1_241' title='bbox 1012 3661 1161 3764; x_wconf 82' lang='grc' dir='ltr'><em>χρησμόν</em></span> <span class='ocrx_word' id='word_1_242' title='bbox 1182 3697 1266 3764; x_wconf 71' lang='grc' dir='ltr'><em>παρ’</em></span> 
     </span>
     <span class='ocr_line' id='line_1_32' title="bbox 265 3769 1268 3868; baseline 0.005 -31"><span class='ocrx_word' id='word_1_243' title='bbox 265 3773 421 3858; x_wconf 79' lang='grc' dir='ltr'><em>εγομένων</em></span> <span class='ocrx_word' id='word_1_244' title='bbox 449 3775 497 3852; x_wconf 88' lang='lat'><em>⁵),</em></span> <span class='ocrx_word' id='word_1_245' title='bbox 530 3769 613 3840; x_wconf 80' lang='grc' dir='ltr'><em>δι’</em></span> <span class='ocrx_word' id='word_1_246' title='bbox 602 3769 621 3841; x_wconf 88' lang='grc' dir='ltr'><em>ό</em></span> <span class='ocrx_word' id='word_1_247' title='bbox 654 3779 737 3862; x_wconf 81' lang='grc' dir='ltr'><em>λέγει</em></span> <span class='ocrx_word' id='word_1_248' title='bbox 765 3774 848 3868; x_wconf 84' lang='grc' dir='ltr'><em>πρὸς</em></span> <span class='ocrx_word' id='word_1_249' title='bbox 870 3771 972 3848; x_wconf 77' lang='grc' dir='ltr'><em>ἀνιὸν</em></span> <span class='ocrx_word' id='word_1_250' title='bbox 995 3771 1013 3842; x_wconf 95' lang='lat'><em>5</em></span> <span class='ocrx_word' id='word_1_251' title='bbox 1035 3770 1176 3853; x_wconf 81' lang='grc' dir='ltr'><em>Πύθιος</em></span> <span class='ocrx_word' id='word_1_252' title='bbox 1197 3780 1268 3866; x_wconf 80' lang='grc' dir='ltr'><em>περὶ</em></span> 
     </span>
     <span class='ocr_line' id='line_1_33' title="bbox 267 3869 777 3960; baseline 0.012 -22"><span class='ocrx_word' id='word_1_253' title='bbox 267 3874 326 3942; x_wconf 81' lang='grc' dir='ltr'><em>τοῦ</em></span> <span class='ocrx_word' id='word_1_254' title='bbox 345 3869 391 3960; x_wconf 75' lang='grc' dir='ltr'><em>με)</em></span> <span class='ocrx_word' id='word_1_255' title='bbox 413 3875 479 3944; x_wconf 85' lang='grc' dir='ltr'><em>δεῖν</em></span> <span class='ocrx_word' id='word_1_256' title='bbox 499 3879 777 3948; x_wconf 76' lang='grc' dir='ltr'><em>παιδοποιεῖσθαι</em></span> 
     </span>
    </p>
   </div>
   <div class='ocr_carea' id='block_1_7' title="bbox 0 0 1387 4514">
    <p class='ocr_par' dir='ltr' id='par_1_8' title="bbox 0 0 1387 4514">
     <span class='ocr_line' id='line_1_34' title="bbox 0 0 1387 4514; baseline 0 0"><span class='ocrx_word' id='word_1_257' title='bbox 0 0 1387 4514; x_wconf 95' lang='lat' dir='ltr'><em> </em></span> 
     </span>
    </p>
   </div>
  </div>
 </body>
</html>
