2748 4514
1088 272 1127 334 'll

108 449 207 526 Quae
230 465 306 510 cunr
328 442 373 508 ita
393 465 427 506 so
448 444 600 518 habeant,
624 442 654 505 in
678 456 789 524 aperto
812 455 859 508 est
872 441 1041 526 sapientiae
1060 452 1126 504 stn-

108 551 213 614 ‹liosis
243 569 318 612 earn
349 548 430 612 riam
458 547 715 628 praesensum,
750 568 842 630 quam
873 558 904 610 et
931 545 991 629 ipsi
1022 545 1127 610 ineant

109 653 214 718 tutius
236 662 271 715 et
294 651 394 714 tutius
417 649 484 716 aliis
506 661 693 717 monstrent.
759 733 765 748 Ι
796 735 800 742 ¹

566 943 684 1008 XXII.

180 1050 242 1114 His
262 1053 347 1114 bene
370 1045 574 1112 consideratis
601 1067 666 1112 non
692 1049 747 1110 abs
766 1068 801 1108 re
824 1047 883 1111 erit
904 1045 940 1110 in'
954 1058 1126 1130 conspectu

114 1173 264 1236 ponere,
294 1171 379 1234 quae
400 1151 440 1212 ab
463 1149 523 1214 illis
543 1151 581 1212 de
604 1150 687 1214 Fato
709 1149 872 1228 dicuntur,
910 1162 945 1212 ut
965 1149 1126 1212 videamus

115 1275 250 1340 ecquam
286 1254 374 1316 illam
408 1254 543 1318 habeant
580 1251 642 1316 vim
678 1263 816 1329 tantam,
860 1266 896 1318 nt
924 1273 1057 1337 aequum
1086 1253 1127 1316 sit

116 1370 255 1440 propter
269 1379 340 1420 eam
355 1377 449 1439 quam
465 1353 655 1420 ista‘habent
669 1377 740 1430 cum
755 1377 833 1420 vero
844 1337 1125 1440 propinquitatem}

116 1461 170 1524 illa
198 1461 259 1524 alia
284 1462 368 1524 adeo
389 1458 557 1541 perspicua
579 1459 693 1522 deseri.
738 1461 926 1542 Loqnemur
953 1473 1055 1522 autem
1089 1482 1126 1526 ea

116 1566 155 1626 de
172 1584 210 1628 re
236 1572 392 1646 quarum
417 1561 491 1624 huic
514 1561 660 1642 instiuto,
679 1564 846 1627 conducet.
891 1562 991 1626 Aiunt
1008 1562 1124 1648 igitur:

116 1687 188 1729 cum
208 1665 399 1731 universum
421 1667 485 1728 hoc
501 1687 601 1728 imrun
615 1664 671 1738 sit,
697 1675 728 1726 et
744 1685 795 1726 res
817 1685 925 1733 omnes
939 1664 971 1726 in
992 1687 1026 1728 se
1047 1687 1125 1729 con-

119 1770 231 1845 tineat,
263 1779 297 1832 et
321 1789 340 1830 a
363 1778 475 1834 natura
495 1778 626 1854 regatur
648 1766 793 1841 vivente,
827 1766 958 1832 rationis
984 1789 1074 1831 risum
1095 1780 1127 1830 et

119 1871 362 1958 intelligentiam
382 1872 535 1946 habente,
560 1890 628 1932 esse
643 1869 674 1932 in
693 1890 733 1932 eo
749 1853 1013 1952 ignbernationem
1027 1891 1126 1952 quam

120 1979 190 2040 dam
208 1987 422 2058 perpensam,
447 1995 535 2057 quaeq
546 1971 652 2048 serie,
690 1982 782 2054 atque
805 1993 952 2042 connexu
974 1975 1128 2054 procedat

118 2079 194 2156 tali,
218 2092 255 2142 nt
270 2077 486 2143 antecedentia
506 2076 775 2161 postfuturorum
797 2074 858 2140 sint
879 2096 1009 2139 canuae:
1033 2088 1127 2161 atque

118 2184 163 2246 ita
185 2183 266 2265 aptis
290 2181 377 2244 inter
397 2201 431 2244 se
452 2191 483 2243 et
502 2178 657 2242 consertis
676 2182 771 2244 rebus
794 2180 938 2244 omnilum
956 2180 1015 2256 ita,
1039 2180 1127 2246 utin

119 2287 186 2352 hoo
209 2298 281 2350 toto
307 2283 385 2349 nihil
406 2282 484 2360 fiat,
515 2279 565 2364 cui
590 2301 654 2345 non
675 2281 717 2344 sit
738 2283 820 2346 aliud
838 2283 1002 2365 quippiam
1015 2303 1128 2346 conse-

121 2409 224 2475 qtteos
249 2400 298 2464 et,
322 2399 359 2450 ut
380 2405 492 2490 pausae
514 2406 610 2462 suae,
635 2405 829 2462 connexum,
855 2407 912 2447 nec
938 2407 1017 2450 vero
1039 2385 1127 2468 quie-

120 2515 214 2578 quam
241 2511 356 2554 eourrn
382 2510 463 2572 quae
483 2500 657 2572 sequuntur
683 2486 726 2548 ita
747 2487 830 2550 solvi
852 2508 947 2569 posse
973 2491 1013 2552 ab
1038 2500 1127 2558 ante·

119 2595 239 2686 gressis
258 2596 376 2668 rebus,
400 2603 435 2654 ut
456 2611 520 2656 non
539 2590 627 2652 velut
645 2589 688 2654 eis
713 2589 890 2654 adiunctum
910 2590 1000 2676 sequi
1013 2592 1128 2656 habeat

118 2719 272 2772 necesse;
294 2699 353 2758 sed
374 2692 459 2759 omni
473 2693 520 2756 rei
539 2713 618 2776 quae
636 2692 710 2768 fiat,
735 2691 817 2770 aliud
835 2713 903 2754 esse
919 2713 1126 2776 consequens,

120 2806 207 2888 quod
243 2802 284 2864 ab
319 2819 356 2862 ea
387 2808 536 2890 tanquam
566 2816 662 2857 carisa
693 2816 749 2858 sua
780 2794 972 2858 necessitatis
998 2795 1127 2861 vinculo

120 2909 277 2989 pendeat:
301 2913 333 2966 et
349 2912 461 2964 contra
482 2896 632 2982 quicquid
652 2893 689 2958 fit
708 2896 741 2960 id
765 2895 881 2960 habere
903 2898 1127 2982 aliquidante-

120 3010 284 3093 positum,
320 3003 373 3073 cui
395 3015 433 3065 nt
453 3022 564 3065 causae
585 3001 765 3067 cohaereat.
810 3001 898 3064 Nihil
919 3002 1035 3086 quippe
1060 3001 1126 3066 sine

121 3134 214 3178 causa
242 3110 275 3176 in
302 3110 369 3172 hoe
389 3107 516 3168 Mundo
541 3115 593 3166 ant
619 3125 688 3166 esse
714 3115 767 3166 aut
794 3101 865 3168 fieri
886 3104 958 3187 quia
987 3103 1062 3166 nihil
1095 3103 1126 3168 in

123 3218 194 3300 ipso
211 3215 251 3278 sit
268 3211 410 3276 solutum
432 3221 463 3271 et
488 3217 667 3289 separatum
688 3207 728 3277 ab
747 3205 1031 3292 antegredientibus
1052 3228 1124 3270 cau·

120 3320 178 3384 eis.
221 3317 309 3380 Fore
328 3312 410 3379 enim
431 3321 465 3376 ut
484 3308 650 3374 divellatur
668 3308 890 3391 dirimaturque
911 3309 974 3373 hoe
989 3309 1128 3374 Univer-

121 3443 207 3496 sum,
230 3439 292 3484 nee
310 3412 443 3497 amplius
465 3412 505 3478 sit
519 3434 615 3478 unum
630 3414 838 3498 gubernatum
859 3431 923 3474 uno
946 3411 1056 3476 ordine
1079 3427 1126 3480 at.

123 3547 181 3610 qne
203 3516 459 3606 dispensatione,
496 3513 525 3578 si
552 3536 614 3600 qua
645 3514 746 3578 motio
776 3512 897 3581 oriatur
925 3512 990 3578 sine
1013 3536 1124 3595 causa,

123 3649 212 3712 quam
234 3620 366 3696 induci,
400 3619 427 3682 si
453 3637 518 3684 non
547 3616 652 3684 omnia
679 3637 759 3702 quae
788 3626 858 3678 sunt
886 3638 1028 3704 qtraeque
1048 3620 1128 3684 fiunt

120 3733 255 3796 habeant
278 3743 391 3788 causas
414 3733 610 3805 antegressas
625 3741 701 3804 quas
716 3717 784 3802 ipsa
798 3720 977 3786 necessario
988 3743 1126 3806 sequan-
1236 3751 1249 3762 -

121 3847 181 3900 ur.
227 3828 362 3914 Quippe
383 3838 418 3890 ut
433 3824 524 3890 ,aliud
543 3824 598 3888 fiet
620 3809 818 3899 elnonense,
850 3821 888 3917 ¹id
912 3824 1004 3906 plane
1026 3823 1125 3894 similo
