2718 4506
1035 351 1094 413 347

85 529 149 606 11)
177 529 220 594 M
224 525 473 611 αγονσαῖοι]
507 525 595 587 ldem
620 523 734 607 repetit
755 523 862 606 paullo
884 525 1034 599 inferius,
1060 545 1096 587 ac

180 629 295 693 diserte
318 629 512 714 Magusaeos
543 628 615 692 illos
644 628 760 691 Persas
796 627 893 690 fuisse
930 609 1023 700 docet
1055 628 1095 689 Β.

181 723 376 817 Epiphanius
394 753 471 817 pag.
492 731 586 795 1091.
613 753 700 794 num.
725 732 777 793 12.
801 731 883 794 iuter
899 730 1099 794 Persicarum

182 848 339 902 sectarum
359 831 522 926 ἀρχηγοὺς
544 837 671 910 eosdem
691 847 855 911 numerat,
890 846 920 897 et
941 857 1026 897 urim.
1046 835 1098 898 13.

184 939 349 1025 repudiato
371 950 570 1002 caeterorum
597 937 757 1003 idolorum
788 939 873 1000 cultu
903 938 1009 1000 Solem
1032 950 1100 1000 tan-

183 1057 272 1120 tum,
310 1045 436 1105 Lunam
460 1041 634 1126 ignemque
665 1041 812 1104 venerari
836 1041 957 1104 scribit.
1013 1039 1101 1104 Cave

183 1148 357 1212 confundas
369 1167 441 1208 cum
456 1144 652 1229 Magusaeis‚
677 1165 733 1206 seu
748 1145 932 1230 Magusanis
950 1146 1102 1208 Petraeae

185 1272 223 1315 ae
243 1249 344 1315 felicis
367 1247 506 1311 Arabiae
528 1247 678 1329 populis:
708 1246 766 1309 nisi
787 1247 873 1311 forte
893 1248 927 1311 hi
949 1248 1039 1312 etiarn
1062 1251 1102 1310 ab

184 1354 246 1418 illis
267 1350 472 1437 proseminati
494 1362 576 1414 sunt.
622 1351 703 1413 Nam
724 1350 777 1413 hie
798 1350 884 1413 vides
907 1353 1102 1435 Magusaeos

185 1458 303 1522 Persas
339 1455 433 1519 variis
468 1475 502 1517 se
530 1452 657 1536 populis
691 1474 727 1515 ae
760 1453 904 1538 gentibus
940 1454 1102 1518 insevisse.

186 1559 329 1642 (Viger.)

103 1660 159 1743 12)
187 1656 298 1747 παρὰ
320 1655 495 1739 Γὴλοις]
512 1657 680 1722 Caesarius
694 1658 768 1723 loco
784 1660 880 1722 citato
896 1649 1105 1724 Bardeianein

190 1758 276 1829 κατὰ
296 1755 403 1839 πόδας
416 1761 577 1844 sequitur,
601 1761 661 1825 nisi
672 1764 760 1846 quod
773 1756 885 1843 Γήλας
898 1784 962 1826 non
978 1759 1105 1844 llllovg

190 1877 299 1931 vocat.
360 1859 520 1954 θάτερος,
554 1864 676 1948 inquit,
711 1861 804 1954 παρὰ
834 1860 959 1946 Γήλαις
989 1861 1107 1952 viper,

185 1975 348 2058 γυναῖκας
364 1975 533 2057 γεωργεῖν,
554 1972 611 2033 καὶ
628 1962 828 2055 οἰκοδομεῖν,
849 1973 905 2034 καὶ
922 1966 965 2035 τὰ
982 1963 1108 2060 ἀνδρῶν

189 2067 360 2160 πράττειν,
393 2066 480 2137 ἀλλὰ
505 2075 566 2138 ,καὶ
589 2074 752 2138 κοινωνεῖν
780 2066 830 2148 ὁῖς
854 2067 895 2138 ἂν
921 2067 1107 2157 βούλωνται

190 2177 254 2243 τῶν
271 2169 453 2257 ἐπηλύδων,
474 2171 514 2240 οὐ
534 2174 725 2264 μυρίζονται
740 2176 793 2250 δὲ,
815 2170 891 2241 οὐδὲ
906 2177 1036 2267 φονίοις
1050 2173 1109 2258 τὴν
1166 2171 1174 2180 ’

191 2275 276 2373 ὄψιν
300 2271 502 2344 νοθεύονται
531 2289 593 2341 etc.
623 2280 656 2342 οῖ
682 2279 718 2342 δὲ
745 2273 860 2367 ἄνδρες
896 2275 1108 2364 οτιβάζονται

191 2383 314 2462 ἐσθῆτι
327 2380 459 2474 μαλακῇ
480 2385 535 2446 καὶ
556 2373 750 2470 ἆνθοβὰτγῳ
771 2381 928 2475 περιβολῇ
942 2394 1003 2443 etc.
1028 2384 1106 2466 Epi-

191 2485 325 2568 phanius
361 2485 436 2548 loeo
454 2533 459 2548 .
477 2483 537 2546 iam
583 2483 709 2546 laudato
744 2484 828 2546 Nro.
873 2485 926 2546 10.
981 2483 1109 2566 ,ΙῘιγλοὺς

194 2588 351 2664 nominat,
388 2599 424 2651 ut
445 2598 486 2670 ,et
506 2587 700 2650 Bardesanes
730 2597 761 2648 et
791 2586 1011 2665 Ptolemaeus,
1049 2592 1107 2654 sed
1213 2601 1217 2612 '

194 2691 259 2755 hoe
278 2691 316 2754 iis
338 2690 497 2776 singulare
518 2687 646 2766 tribuit,
669 2699 704 2751 ut
719 2691 801 2771 apud
814 2689 902 2771 ipsos
918 2694 949 2756 ol
965 2688 1005 2757 ani
1021 2695 1109 2784 φαῦ-

195 2798 238 2861 λα
260 2794 397 2884 δρῶντες
424 2789 508 2880 πρὸς
534 2793 598 2858 τῶν
627 2785 736 2877 νόμων
767 2787 874 2862 ἀντῶν
905 2795 1110 2866 ἐπαινῶνται.

198 2899 296 2963 Gelos
318 2896 441 2962 Plinius
468 2893 651 2959 Libr.V1.
686 2892 768 2977 Cap.
791 2897 889 2961 XVI.
922 2897 1004 2962 inter
1032 2901 1110 2965 alios

197 2999 341 3082 Hyrcani
366 2998 459 3062 maris
481 2997 605 3061 areolas
631 3010 790 3076 numerat,
814 3021 896 3083 quos
913 3003 1029 3068 Graeci
1045 3003 1110 3068 Ca-

199 3104 307 3168 dusios
328 3099 539 3186 appellarunt'.
564 3101 659 3164 Gelas
680 3110 782 3164 tamen
804 3123 822 3165 a
839 3102 982 3167 Cadusiis
998 3106 1111 3170 distin·

199 3207 267 3293 guit
289 3207 407 3268 Strabo
429 3203 523 3267 Libr.
547 3204 631 3278 XL,
656 3205 766 3267 ambos
787 3216 890 3268 tamen
912 3208 950 3270 ael
968 3209 1110 3288 Hyrcani

197 3331 254 3373 seu
284 3305 393 3390 Caspii
424 3306 518 3370 maris
551 3306 752 3384 orientalem,
798 3317 830 3370 et
862 3309 962 3374 Tauri
997 3314 1111 3378 montis

200 3410 476 3494 septentrionalem
507 3409 633 3493 plagam
661 3409 834 3474 constituit.
880 3412 1110 3497 Theophanes,

200 3514 255 3598 qui
273 3511 419 3595 Pompeii
431 3523 532 3574 eastra
545 3523 668 3574 secutus
684 3525 762 3592 erat,
780 3515 862 3594 apud
876 3518 1007 3579 eundem
1023 3519 1111 3582 Stra·

200 3620 335 3692 bonnm,
360 3617 533 3696 eodemque
556 3613 640 3678 libro
654 3615 835 3680 Amazonas
856 3616 938 3682 inter
959 3631 989 3682 et
1010 3621 1112 3684 Alba-

202 3741 260 3784 nos
290 3719 427 3783 collocat
464 3713 570 3798 Illinc
600 3722 655 3784 καὶ
687 3714 825 3804 Atyn,
858 3737 938 3804 quos
971 3721 1114 3788 Zonaras
1160 3717 1162 3724 ’

202 3824 299 3887 Τοω.
314 3822 362 3886 ΙΙ.
386 3822 496 3896 minus,
522 3833 555 3900 ut
578 3821 695 3905 opinor·
715 3833 813 3898 reete,
831 3825 853 3890 1
858 3827 955 3902 ἐ’ῖλας
972 3829 1026 3892 καὶ
1042 3821 1114 3907 Λῖ-

201 3925 455 4010 praenominat.
487 3924 631 4008 Deniqrre
653 3923 815 3991 Cedrenus
837 3947 911 4014 pag.
934 3928 1007 3993 127.
1030 3927 1112 3994 Cae·
