<?xml version="1.0" encoding="UTF-8"?>
<!DOCTYPE html PUBLIC "-//W3C//DTD XHTML 1.0 Transitional//EN"
    "http://www.w3.org/TR/xhtml1/DTD/xhtml1-transitional.dtd">
<html xmlns="http://www.w3.org/1999/xhtml" xml:lang="en" lang="en">
 <head>
  <title>
</title>
<meta http-equiv="Content-Type" content="text/html;charset=utf-8" />
  <meta name='ocr-system' content='tesseract 3.04.00' />
  <meta name='ocr-capabilities' content='ocr_page ocr_carea ocr_par ocr_line ocrx_word'/>
</head>
<body>
  <div class='ocr_page' id='page_1' title='image "./alexandriaprodi00alexgoog_0263.png"; bbox 0 0 2754 4510; ppageno 0'>
   <div class='ocr_carea' id='block_1_1' title="bbox 235 329 294 392">
    <p class='ocr_par' dir='ltr' id='par_1_1' title="bbox 235 329 294 392">
     <span class='ocr_line' id='line_1_1' title="bbox 235 329 294 392; baseline -0.034 0"><span class='ocrx_word' id='word_1_1' title='bbox 235 329 294 392; x_wconf 73' lang='lat'><strong><em>266</em></strong></span> 
     </span>
    </p>
   </div>
   <div class='ocr_carea' id='block_1_2' title="bbox 184 478 1282 3170">
    <p class='ocr_par' dir='ltr' id='par_1_2' title="bbox 184 478 1282 3164">
     <span class='ocr_line' id='line_1_2' title="bbox 234 478 1251 578; baseline -0.003 -17"><span class='ocrx_word' id='word_1_2' title='bbox 234 499 262 564; x_wconf 77' lang='grc' dir='ltr'><strong><em>ἐι</em></strong></span> <span class='ocrx_word' id='word_1_3' title='bbox 298 488 325 562; x_wconf 85' lang='lat'><strong><em>6&#39;</em></strong></span> <span class='ocrx_word' id='word_1_4' title='bbox 359 479 508 573; x_wconf 76' lang='grc' dir='ltr'><strong><em>ἄκοντες,</em></strong></span> <span class='ocrx_word' id='word_1_5' title='bbox 554 483 681 572; x_wconf 73' lang='grc' dir='ltr'><strong><em>δηλαδὴ</em></strong></span> <span class='ocrx_word' id='word_1_6' title='bbox 713 478 766 556; x_wconf 86' lang='grc' dir='ltr'><strong><em>ὁτι</em></strong></span> <span class='ocrx_word' id='word_1_7' title='bbox 792 491 848 557; x_wconf 78' lang='grc' dir='ltr'><strong><em>καί</em></strong></span> <span class='ocrx_word' id='word_1_8' title='bbox 880 485 930 558; x_wconf 81' lang='grc' dir='ltr'><strong><em>ὁπ’</em></strong></span> <span class='ocrx_word' id='word_1_9' title='bbox 966 481 1112 578; x_wconf 76' lang='grc' dir='ltr'><strong><em>ἀνάγκης</em></strong></span> <span class='ocrx_word' id='word_1_10' title='bbox 1141 483 1251 568; x_wconf 83' lang='grc' dir='ltr'><strong><em>τινός.</em></strong></span> 
     </span>
     <span class='ocr_line' id='line_1_3' title="bbox 230 587 1251 687; baseline -0.004 -23"><span class='ocrx_word' id='word_1_11' title='bbox 230 593 354 666; x_wconf 82' lang='grc' dir='ltr'><strong><em>Ἐκεῖνο</em></strong></span> <span class='ocrx_word' id='word_1_12' title='bbox 374 602 433 687; x_wconf 78' lang='grc' dir='ltr'><strong><em>μέν</em></strong></span> <span class='ocrx_word' id='word_1_13' title='bbox 455 621 507 684; x_wconf 86' lang='grc' dir='ltr'><strong><em>τοι</em></strong></span> <span class='ocrx_word' id='word_1_14' title='bbox 524 591 569 684; x_wconf 76' lang='grc' dir='ltr'><strong><em>μη</em></strong></span> <span class='ocrx_word' id='word_1_15' title='bbox 594 617 631 662; x_wconf 89' lang='grc' dir='ltr'><strong><em>σε</em></strong></span> <span class='ocrx_word' id='word_1_16' title='bbox 643 595 860 675; x_wconf 77' lang='grc' dir='ltr'><strong><em>λανθανέτω,</em></strong></span> <span class='ocrx_word' id='word_1_17' title='bbox 884 587 904 660; x_wconf 84' lang='grc' dir='ltr'><strong><em>ὁ</em></strong></span> <span class='ocrx_word' id='word_1_18' title='bbox 924 590 1076 673; x_wconf 75' lang='grc' dir='ltr'><strong><em>καὶτοὺς</em></strong></span> <span class='ocrx_word' id='word_1_19' title='bbox 1097 589 1251 671; x_wconf 82' lang='grc' dir='ltr'><strong><em>πολλοὺς</em></strong></span> 
     </span>
     <span class='ocr_line' id='line_1_4' title="bbox 235 687 1250 794; baseline -0.007 -25"><span class='ocrx_word' id='word_1_20' title='bbox 235 696 382 783; x_wconf 86' lang='grc' dir='ltr'><strong><em>λεληθὸς</em></strong></span> <span class='ocrx_word' id='word_1_21' title='bbox 399 693 535 794; x_wconf 81' lang='grc' dir='ltr'><strong><em>σφόδρα</em></strong></span> <span class='ocrx_word' id='word_1_22' title='bbox 556 692 727 785; x_wconf 75' lang='grc' dir='ltr'><strong><em>ταράττει,</em></strong></span> <span class='ocrx_word' id='word_1_23' title='bbox 751 691 794 776; x_wconf 84' lang='grc' dir='ltr'><strong><em>ὦς</em></strong></span> <span class='ocrx_word' id='word_1_24' title='bbox 812 687 871 763; x_wconf 72' lang='grc' dir='ltr'><strong><em>ἕνα</em></strong></span> <span class='ocrx_word' id='word_1_25' title='bbox 891 703 952 784; x_wconf 80' lang='grc' dir='ltr'><strong><em>μὲν</em></strong></span> <span class='ocrx_word' id='word_1_26' title='bbox 969 691 1095 789; x_wconf 81' lang='grc' dir='ltr'><strong><em>τρόπον</em></strong></span> <span class='ocrx_word' id='word_1_27' title='bbox 1113 691 1250 783; x_wconf 82' lang='grc' dir='ltr'><strong><em>ἀνάγκη</em></strong></span> 
     </span>
     <span class='ocr_line' id='line_1_5' title="bbox 236 795 1250 894; baseline -0.005 -23"><span class='ocrx_word' id='word_1_28' title='bbox 236 807 382 894; x_wconf 84' lang='grc' dir='ltr'><strong><em>λέγεται,</em></strong></span> <span class='ocrx_word' id='word_1_29' title='bbox 414 799 495 872; x_wconf 76' lang='grc' dir='ltr'><strong><em>καθ’</em></strong></span> <span class='ocrx_word' id='word_1_30' title='bbox 518 796 560 885; x_wconf 77' lang='grc' dir='ltr'><strong><em>ἣν</em></strong></span> <span class='ocrx_word' id='word_1_31' title='bbox 577 801 645 870; x_wconf 81' lang='grc' dir='ltr'><strong><em>πάν</em></strong></span> <span class='ocrx_word' id='word_1_32' title='bbox 669 796 767 889; x_wconf 80' lang='grc' dir='ltr'><strong><em>τιμὴ</em></strong></span> <span class='ocrx_word' id='word_1_33' title='bbox 787 795 992 888; x_wconf 79' lang='grc' dir='ltr'><strong><em>ἐνδεχόμενον</em></strong></span> <span class='ocrx_word' id='word_1_34' title='bbox 1013 796 1124 878; x_wconf 83' lang='grc' dir='ltr'><strong><em>άλλως</em></strong></span> <span class='ocrx_word' id='word_1_35' title='bbox 1145 805 1250 888; x_wconf 73' lang='grc' dir='ltr'><strong><em>σχεῖν,</em></strong></span> 
     </span>
     <span class='ocr_line' id='line_1_6' title="bbox 236 898 1249 996; baseline -0.005 -22"><span class='ocrx_word' id='word_1_36' title='bbox 236 903 419 995; x_wconf 85' lang='grc' dir='ltr'><strong><em>ἀναγκαῖον</em></strong></span> <span class='ocrx_word' id='word_1_37' title='bbox 438 909 580 994; x_wconf 85' lang='grc' dir='ltr'><strong><em>λέγεται·</em></strong></span> <span class='ocrx_word' id='word_1_38' title='bbox 608 906 717 994; x_wconf 73' lang='grc' dir='ltr'><strong><em>ἕτερον</em></strong></span> <span class='ocrx_word' id='word_1_39' title='bbox 737 898 764 969; x_wconf 84' lang='lat'><strong><em>6&#39;</em></strong></span> <span class='ocrx_word' id='word_1_40' title='bbox 789 899 832 970; x_wconf 90' lang='lat'><strong><em>66</em></strong></span> <span class='ocrx_word' id='word_1_41' title='bbox 856 898 990 996; x_wconf 79' lang='grc' dir='ltr'><strong><em>τρόπον</em></strong></span> <span class='ocrx_word' id='word_1_42' title='bbox 1004 899 1094 982; x_wconf 80' lang='grc' dir='ltr'><strong><em>ἰδίως</em></strong></span> <span class='ocrx_word' id='word_1_43' title='bbox 1115 898 1249 988; x_wconf 83' lang='grc' dir='ltr'><strong><em>ἀνάγκη</em></strong></span> 
     </span>
     <span class='ocr_line' id='line_1_7' title="bbox 235 999 1248 1102; baseline -0.007 -24"><span class='ocrx_word' id='word_1_44' title='bbox 235 1006 258 1093; x_wconf 85' lang='lat'><strong><em>6</em></strong></span> <span class='ocrx_word' id='word_1_45' title='bbox 278 1013 354 1096; x_wconf 81' lang='grc' dir='ltr'><strong><em>βία,</em></strong></span> <span class='ocrx_word' id='word_1_46' title='bbox 377 1000 403 1102; x_wconf 78' lang='grc' dir='ltr'><em>ᾧ</em></span> <span class='ocrx_word' id='word_1_47' title='bbox 424 1005 536 1102; x_wconf 82' lang='grc' dir='ltr'><strong><em>τρόπῳ</em></strong></span> <span class='ocrx_word' id='word_1_48' title='bbox 557 1011 613 1078; x_wconf 75' lang='grc' dir='ltr'><strong><em>καὶ</em></strong></span> <span class='ocrx_word' id='word_1_49' title='bbox 634 1001 736 1084; x_wconf 88' lang='grc' dir='ltr'><strong><em>ἀυτὸς</em></strong></span> <span class='ocrx_word' id='word_1_50' title='bbox 756 1002 902 1088; x_wconf 76' lang='grc' dir='ltr'><strong><em>Πλάτων</em></strong></span> <span class='ocrx_word' id='word_1_51' title='bbox 920 1007 1058 1099; x_wconf 81' lang='grc' dir='ltr'><strong><em>χρῆται·</em></strong></span> <span class='ocrx_word' id='word_1_52' title='bbox 1081 999 1125 1084; x_wconf 80' lang='grc' dir='ltr'><strong><em>ῦς</em></strong></span> <span class='ocrx_word' id='word_1_53' title='bbox 1144 1007 1178 1073; x_wconf 81' lang='grc' dir='ltr'><strong><em>ἐν</em></strong></span> <span class='ocrx_word' id='word_1_54' title='bbox 1200 1004 1248 1096; x_wconf 74' lang='grc' dir='ltr'><strong><em>τῷ</em></strong></span> 
     </span>
     <span class='ocr_line' id='line_1_8' title="bbox 236 1103 1244 1208; baseline -0.007 -26"><span class='ocrx_word' id='word_1_55' title='bbox 236 1105 417 1208; x_wconf 75' lang='grc' dir='ltr'><strong><em>Κρατύλῳ·</em></strong></span> <span class='ocrx_word' id='word_1_56' title='bbox 443 1110 548 1208; x_wconf 56' lang='grc' dir='ltr'><strong><em>,λείῳ</em></strong></span> <span class='ocrx_word' id='word_1_57' title='bbox 571 1105 697 1203; x_wconf 79' lang='grc' dir='ltr'><strong><em>ὁτῳοῦν</em></strong></span> <span class='ocrx_word' id='word_1_58' title='bbox 713 1110 848 1201; x_wconf 81' lang='grc' dir='ltr'><strong><em>δεσμὸς,</em></strong></span> <span class='ocrx_word' id='word_1_59' title='bbox 870 1103 948 1190; x_wconf 83' lang='grc' dir='ltr'><strong><em>ἱόςτε</em></strong></span> <span class='ocrx_word' id='word_1_60' title='bbox 961 1115 1068 1199; x_wconf 86' lang='grc' dir='ltr'><strong><em>μένειν</em></strong></span> <span class='ocrx_word' id='word_1_61' title='bbox 1083 1104 1244 1189; x_wconf 79' lang='grc' dir='ltr'><strong><em>ὁπουοῦν,</em></strong></span> 
     </span>
     <span class='ocr_line' id='line_1_9' title="bbox 236 1209 1264 1310; baseline -0.007 -26"><span class='ocrx_word' id='word_1_62' title='bbox 236 1213 398 1309; x_wconf 59' lang='grc' dir='ltr'><strong><em>,πότερος</em></strong></span> <span class='ocrx_word' id='word_1_63' title='bbox 420 1212 630 1310; x_wconf 78' lang='grc' dir='ltr'><strong><em>ἰσχυρότερός</em></strong></span> <span class='ocrx_word' id='word_1_64' title='bbox 650 1220 755 1302; x_wconf 74' lang='grc' dir='ltr'><strong><em>ἔστιν,</em></strong></span> <span class='ocrx_word' id='word_1_65' title='bbox 777 1211 920 1303; x_wconf 87' lang='grc' dir='ltr'><strong><em>ἀνάγκη,</em></strong></span> <span class='ocrx_word' id='word_1_66' title='bbox 941 1209 962 1297; x_wconf 88' lang='lat'><strong><em>6</em></strong></span> <span class='ocrx_word' id='word_1_67' title='bbox 981 1211 1169 1300; x_wconf 70' lang='grc' dir='ltr'><strong><em>ἐπιθυμίας</em></strong></span> <span class='ocrx_word' id='word_1_68' title='bbox 1190 1211 1264 1278; x_wconf 80' lang='grc' dir='ltr'><strong><em>καί</em></strong></span> 
     </span>
     <span class='ocr_line' id='line_1_10' title="bbox 237 1310 1247 1413; baseline -0.007 -25"><span class='ocrx_word' id='word_1_69' title='bbox 237 1343 344 1412; x_wconf 73' lang='grc' dir='ltr'><strong><em>,φησι</em></strong></span> <span class='ocrx_word' id='word_1_70' title='bbox 360 1317 445 1388; x_wconf 80' lang='grc' dir='ltr'><strong><em>πολὺ</em></strong></span> <span class='ocrx_word' id='word_1_71' title='bbox 464 1323 629 1413; x_wconf 80' lang='grc' dir='ltr'><strong><em>διαφέρει,</em></strong></span> <span class='ocrx_word' id='word_1_72' title='bbox 660 1313 685 1392; x_wconf 80' lang='lat'><strong><em>6</em></strong></span> <span class='ocrx_word' id='word_1_73' title='bbox 707 1318 907 1408; x_wconf 83' lang='grc' dir='ltr'><strong><em>Σώκρατες,</em></strong></span> <span class='ocrx_word' id='word_1_74' title='bbox 933 1310 1131 1404; x_wconf 78' lang='grc' dir='ltr'><strong><em>ἕπιθυμία.”</em></strong></span> <span class='ocrx_word' id='word_1_75' title='bbox 1166 1310 1247 1382; x_wconf 83' lang='grc' dir='ltr'><strong><em>Ἕν-</em></strong></span> 
     </span>
     <span class='ocr_line' id='line_1_11' title="bbox 238 1415 1247 1511; baseline -0.007 -21"><span class='ocrx_word' id='word_1_76' title='bbox 238 1425 357 1491; x_wconf 90' lang='grc' dir='ltr'><strong><em>ταῦθα</em></strong></span> <span class='ocrx_word' id='word_1_77' title='bbox 377 1429 438 1509; x_wconf 80' lang='grc' dir='ltr'><strong><em>μὲν</em></strong></span> <span class='ocrx_word' id='word_1_78' title='bbox 458 1417 603 1509; x_wconf 85' lang='grc' dir='ltr'><strong><em>ἀνάγκην</em></strong></span> <span class='ocrx_word' id='word_1_79' title='bbox 622 1422 712 1505; x_wconf 83' lang='grc' dir='ltr'><strong><em>ιὸἰως</em></strong></span> <span class='ocrx_word' id='word_1_80' title='bbox 732 1422 791 1508; x_wconf 80' lang='grc' dir='ltr'><strong><em>τὴν</em></strong></span> <span class='ocrx_word' id='word_1_81' title='bbox 806 1423 886 1511; x_wconf 78' lang='grc' dir='ltr'><strong><em>βίαν</em></strong></span> <span class='ocrx_word' id='word_1_82' title='bbox 901 1423 1014 1502; x_wconf 85' lang='grc' dir='ltr'><strong><em>καλεῖ,</em></strong></span> <span class='ocrx_word' id='word_1_83' title='bbox 1035 1415 1095 1500; x_wconf 82' lang='grc' dir='ltr'><strong><em>τὴν</em></strong></span> <span class='ocrx_word' id='word_1_84' title='bbox 1116 1418 1193 1485; x_wconf 78' lang='lat'><strong><em>66³</em></strong></span> <span class='ocrx_word' id='word_1_85' title='bbox 1176 1441 1247 1484; x_wconf 83' lang='grc' dir='ltr'><strong><em>επι</em></strong></span> 
     </span>
     <span class='ocr_line' id='line_1_12' title="bbox 221 1519 1246 1620; baseline -0.009 -25"><span class='ocrx_word' id='word_1_86' title='bbox 221 1525 371 1616; x_wconf 83' lang='grc' dir='ltr'><strong><em>,θυμίαν</em></strong></span> <span class='ocrx_word' id='word_1_87' title='bbox 401 1519 440 1592; x_wconf 86' lang='lat'><strong><em>66</em></strong></span> <span class='ocrx_word' id='word_1_88' title='bbox 464 1520 572 1608; x_wconf 80' lang='grc' dir='ltr'><strong><em>δήπου</em></strong></span> <span class='ocrx_word' id='word_1_89' title='bbox 599 1523 660 1596; x_wconf 79' lang='grc' dir='ltr'><strong><em>οὐκ</em></strong></span> <span class='ocrx_word' id='word_1_90' title='bbox 687 1525 873 1616; x_wconf 85' lang='grc' dir='ltr'><strong><em>ἀναγκαῖον</em></strong></span> <span class='ocrx_word' id='word_1_91' title='bbox 897 1519 1093 1620; x_wconf 83' lang='grc' dir='ltr'><strong><em>ἡγούμενος,</em></strong></span> <span class='ocrx_word' id='word_1_92' title='bbox 1131 1519 1246 1588; x_wconf 80' lang='grc' dir='ltr'><strong><em>ἔπειτα</em></strong></span> 
     </span>
     <span class='ocr_line' id='line_1_13' title="bbox 237 1608 1244 1750; baseline -0.007 -53"><span class='ocrx_word' id='word_1_93' title='bbox 237 1624 358 1716; x_wconf 80' lang='grc' dir='ltr'><strong><em>δεσμὸν</em></strong></span> <span class='ocrx_word' id='word_1_94' title='bbox 384 1628 445 1712; x_wconf 79' lang='grc' dir='ltr'><strong><em>τῆς</em></strong></span> <span class='ocrx_word' id='word_1_95' title='bbox 467 1651 505 1716; x_wconf 86' lang='grc' dir='ltr'><strong><em>γε</em></strong></span> <span class='ocrx_word' id='word_1_96' title='bbox 525 1624 670 1750; x_wconf 80' lang='grc' dir='ltr'><strong><em>ἀνάγκης</em></strong></span> <span class='ocrx_word' id='word_1_97' title='bbox 692 1624 902 1724; x_wconf 84' lang='grc' dir='ltr'><strong><em>ἰσχυρότερον</em></strong></span> <span class='ocrx_word' id='word_1_98' title='bbox 923 1628 1068 1697; x_wconf 87' lang='grc' dir='ltr'><strong><em>τίθεται.</em></strong></span> <span class='ocrx_word' id='word_1_99' title='bbox 1110 1621 1196 1703; x_wconf 87' lang='grc' dir='ltr'><strong><em>Ποις</em></strong></span> <span class='ocrx_word' id='word_1_100' title='bbox 1215 1608 1244 1690; x_wconf 98' lang='lat'><strong><em>6</em></strong></span> 
     </span>
     <span class='ocr_line' id='line_1_14' title="bbox 238 1720 1244 1823; baseline -0.001 -23"><span class='ocrx_word' id='word_1_101' title='bbox 238 1728 280 1800; x_wconf 79' lang='grc' dir='ltr'><strong><em>ἀν</em></strong></span> <span class='ocrx_word' id='word_1_102' title='bbox 296 1736 352 1800; x_wconf 78' lang='lat'><strong><em>666</em></strong></span> <span class='ocrx_word' id='word_1_103' title='bbox 371 1735 500 1818; x_wconf 85' lang='grc' dir='ltr'><strong><em>γένοιτο</em></strong></span> <span class='ocrx_word' id='word_1_104' title='bbox 525 1726 638 1803; x_wconf 81' lang='grc' dir='ltr'><strong><em>ὁτιοῦν</em></strong></span> <span class='ocrx_word' id='word_1_105' title='bbox 657 1732 718 1806; x_wconf 80' lang='grc' dir='ltr'><strong><em>οὐκ</em></strong></span> <span class='ocrx_word' id='word_1_106' title='bbox 742 1731 923 1823; x_wconf 87' lang='grc' dir='ltr'><strong><em>ἀναγκαῖον</em></strong></span> <span class='ocrx_word' id='word_1_107' title='bbox 944 1725 1089 1816; x_wconf 82' lang='grc' dir='ltr'><strong><em>ἀνάγκης</em></strong></span> <span class='ocrx_word' id='word_1_108' title='bbox 1111 1720 1244 1818; x_wconf 84' lang='grc' dir='ltr'><strong><em>ισχυρῦ-</em></strong></span> 
     </span>
     <span class='ocr_line' id='line_1_15' title="bbox 238 1824 1242 1954; baseline -0.001 -53"><span class='ocrx_word' id='word_1_109' title='bbox 238 1859 348 1926; x_wconf 81' lang='grc' dir='ltr'><strong><em>τερον,</em></strong></span> <span class='ocrx_word' id='word_1_110' title='bbox 368 1865 388 1930; x_wconf 90' lang='grc' dir='ltr'><strong><em>η</em></strong></span> <span class='ocrx_word' id='word_1_111' title='bbox 375 1824 485 1904; x_wconf 79' lang='grc' dir='ltr'><strong><em>οὐδὲ</em></strong></span> <span class='ocrx_word' id='word_1_112' title='bbox 470 1832 585 1954; x_wconf 75' lang='grc' dir='ltr'><strong><em>ἑθεός</em></strong></span> <span class='ocrx_word' id='word_1_113' title='bbox 602 1863 690 1932; x_wconf 77' lang='grc' dir='ltr'><strong><em>φασι</em></strong></span> <span class='ocrx_word' id='word_1_114' title='bbox 708 1833 866 1929; x_wconf 74' lang='grc' dir='ltr'><strong><em>μάχεταις</em></strong></span> <span class='ocrx_word' id='word_1_115' title='bbox 883 1830 990 1902; x_wconf 84' lang='grc' dir='ltr'><strong><em>Αλλὸι</em></strong></span> <span class='ocrx_word' id='word_1_116' title='bbox 1006 1833 1125 1915; x_wconf 80' lang='grc' dir='ltr'><strong><em>δῆλον,</em></strong></span> <span class='ocrx_word' id='word_1_117' title='bbox 1147 1825 1242 1909; x_wconf 80' lang='grc' dir='ltr'><strong><em>ιὸςτό</em></strong></span> 
     </span>
     <span class='ocr_line' id='line_1_16' title="bbox 236 1931 1282 2060; baseline -0.005 -55"><span class='ocrx_word' id='word_1_118' title='bbox 236 1932 380 2025; x_wconf 82' lang='grc' dir='ltr'><strong><em>ἀνάγκης</em></strong></span> <span class='ocrx_word' id='word_1_119' title='bbox 400 1935 643 2060; x_wconf 80' lang='grc' dir='ltr'><strong><em>ἰσχυρότερογ</em></strong></span> <span class='ocrx_word' id='word_1_120' title='bbox 634 1939 717 2009; x_wconf 82' lang='grc' dir='ltr'><strong><em>πολὺ</em></strong></span> <span class='ocrx_word' id='word_1_121' title='bbox 734 1937 894 2038; x_wconf 87' lang='grc' dir='ltr'><strong><em>πρότερον</em></strong></span> <span class='ocrx_word' id='word_1_122' title='bbox 907 1943 961 2006; x_wconf 84' lang='lat'><strong><em>666</em></strong></span> <span class='ocrx_word' id='word_1_123' title='bbox 977 1932 1061 2004; x_wconf 88' lang='grc' dir='ltr'><strong><em>ἀυτό</em></strong></span> <span class='ocrx_word' id='word_1_124' title='bbox 1082 1931 1241 2021; x_wconf 86' lang='grc' dir='ltr'><strong><em>ἀναγκαῖ·</em></strong></span> <span class='ocrx_word' id='word_1_125' title='bbox 1276 1967 1282 1981; x_wconf 92' lang='grc'><em>·</em></span> 
     </span>
     <span class='ocr_line' id='line_1_17' title="bbox 235 2033 1241 2128; baseline -0.002 -22"><span class='ocrx_word' id='word_1_126' title='bbox 235 2062 275 2106; x_wconf 92' lang='grc' dir='ltr'><strong><em>ον</em></strong></span> <span class='ocrx_word' id='word_1_127' title='bbox 303 2041 355 2109; x_wconf 80' lang='grc' dir='ltr'><strong><em>δεῖ</em></strong></span> <span class='ocrx_word' id='word_1_128' title='bbox 375 2042 468 2109; x_wconf 81' lang='grc' dir='ltr'><strong><em>ἐῐναι.</em></strong></span> <span class='ocrx_word' id='word_1_129' title='bbox 529 2039 704 2124; x_wconf 80' lang='grc' dir='ltr'><strong><em>Ταῦτης’</em></strong></span> <span class='ocrx_word' id='word_1_130' title='bbox 687 2045 746 2110; x_wconf 89' lang='grc' dir='ltr'><strong><em>οῦν</em></strong></span> <span class='ocrx_word' id='word_1_131' title='bbox 774 2045 832 2126; x_wconf 82' lang='grc' dir='ltr'><strong><em>τῆς</em></strong></span> <span class='ocrx_word' id='word_1_132' title='bbox 862 2041 978 2128; x_wconf 77' lang='grc' dir='ltr'><strong><em>βιαίου</em></strong></span> <span class='ocrx_word' id='word_1_133' title='bbox 1008 2033 1156 2125; x_wconf 79' lang='grc' dir='ltr'><strong><em>ἀνάγκης</em></strong></span> <span class='ocrx_word' id='word_1_134' title='bbox 1183 2034 1241 2118; x_wconf 81' lang='grc' dir='ltr'><strong><em>τὴν</em></strong></span> 
     </span>
     <span class='ocr_line' id='line_1_18' title="bbox 184 2137 1240 2269; baseline 0 -60"><span class='ocrx_word' id='word_1_135' title='bbox 184 2175 188 2190; x_wconf 83' lang='grc'><em>·</em></span> <span class='ocrx_word' id='word_1_136' title='bbox 235 2137 352 2269; x_wconf 71' lang='grc' dir='ltr'><strong><em>ιγυχην</em></strong></span> <span class='ocrx_word' id='word_1_137' title='bbox 364 2141 445 2209; x_wconf 81' lang='grc' dir='ltr'><strong><em>ἔνιοι</em></strong></span> <span class='ocrx_word' id='word_1_138' title='bbox 462 2137 651 2225; x_wconf 86' lang='grc' dir='ltr'><strong><em>ἀπαλλάξαι</em></strong></span> <span class='ocrx_word' id='word_1_139' title='bbox 667 2140 956 2237; x_wconf 79' lang='grc' dir='ltr'><strong><em>προμηθούμενοι,</em></strong></span> <span class='ocrx_word' id='word_1_140' title='bbox 978 2142 1240 2236; x_wconf 80' lang='grc' dir='ltr'><strong><em>συναφαιροῦσιν</em></strong></span> 
     </span>
     <span class='ocr_line' id='line_1_19' title="bbox 235 2238 1240 2344; baseline 0.004 -35"><span class='ocrx_word' id='word_1_141' title='bbox 235 2238 352 2326; x_wconf 67' lang='lat'><strong><em>66669¹</em></strong></span> <span class='ocrx_word' id='word_1_142' title='bbox 361 2248 417 2310; x_wconf 79' lang='grc' dir='ltr'><strong><em>καὶ</em></strong></span> <span class='ocrx_word' id='word_1_143' title='bbox 438 2241 498 2325; x_wconf 77' lang='grc' dir='ltr'><strong><em>τὴν</em></strong></span> <span class='ocrx_word' id='word_1_144' title='bbox 523 2245 636 2344; x_wconf 83' lang='grc' dir='ltr'><strong><em>ἑτέραν</em></strong></span> <span class='ocrx_word' id='word_1_145' title='bbox 656 2255 712 2316; x_wconf 84' lang='grc' dir='ltr'><strong><em>καὶ</em></strong></span> <span class='ocrx_word' id='word_1_146' title='bbox 737 2244 956 2340; x_wconf 77' lang='grc' dir='ltr'><strong><em>θειοτέραν’</em></strong></span> <span class='ocrx_word' id='word_1_147' title='bbox 937 2242 1100 2332; x_wconf 87' lang='grc' dir='ltr'><strong><em>ανάγκην,</em></strong></span> <span class='ocrx_word' id='word_1_148' title='bbox 1129 2243 1186 2328; x_wconf 84' lang='grc' dir='ltr'><strong><em>τὴν</em></strong></span> <span class='ocrx_word' id='word_1_149' title='bbox 1207 2247 1240 2313; x_wconf 73' lang='grc' dir='ltr'><strong><em>ἓν</em></strong></span> 
     </span>
     <span class='ocr_line' id='line_1_20' title="bbox 235 2343 1239 2444; baseline 0.006 -34"><span class='ocrx_word' id='word_1_150' title='bbox 235 2346 283 2411; x_wconf 71' lang='lat' dir='ltr'><strong><em>w·</em></strong></span> <span class='ocrx_word' id='word_1_151' title='bbox 300 2347 434 2414; x_wconf 81' lang='grc' dir='ltr'><strong><em>ἑκουσία</em></strong></span> <span class='ocrx_word' id='word_1_152' title='bbox 454 2369 487 2414; x_wconf 87' lang='grc' dir='ltr'><strong><em>τε</em></strong></span> <span class='ocrx_word' id='word_1_153' title='bbox 504 2353 561 2415; x_wconf 84' lang='grc' dir='ltr'><strong><em>καὶ</em></strong></span> <span class='ocrx_word' id='word_1_154' title='bbox 574 2348 661 2418; x_wconf 83' lang='grc' dir='ltr'><strong><em>κατά</em></strong></span> <span class='ocrx_word' id='word_1_155' title='bbox 677 2353 770 2435; x_wconf 93' lang='grc' dir='ltr'><strong><em>νοῦν,</em></strong></span> <span class='ocrx_word' id='word_1_156' title='bbox 793 2347 853 2418; x_wconf 83' lang='grc' dir='ltr'><strong><em>οὐκ</em></strong></span> <span class='ocrx_word' id='word_1_157' title='bbox 874 2350 1070 2444; x_wconf 75' lang='grc' dir='ltr'><strong><em>ἐφεστῶτες,</em></strong></span> <span class='ocrx_word' id='word_1_158' title='bbox 1094 2343 1139 2429; x_wconf 82' lang='grc' dir='ltr'><strong><em>ὧς</em></strong></span> <span class='ocrx_word' id='word_1_159' title='bbox 1159 2344 1239 2417; x_wconf 84' lang='grc' dir='ltr'><strong><em>πολῦ</em></strong></span> 
     </span>
     <span class='ocr_line' id='line_1_21' title="bbox 233 2442 1239 2574; baseline 0.006 -59"><span class='ocrx_word' id='word_1_160' title='bbox 233 2442 396 2549; x_wconf 85' lang='grc' dir='ltr'><strong><em>πρότερον</em></strong></span> <span class='ocrx_word' id='word_1_161' title='bbox 420 2445 579 2536; x_wconf 84' lang='grc' dir='ltr'><strong><em>τάγαθόν</em></strong></span> <span class='ocrx_word' id='word_1_162' title='bbox 608 2451 670 2521; x_wconf 79' lang='grc' dir='ltr'><strong><em>σὺν</em></strong></span> <span class='ocrx_word' id='word_1_163' title='bbox 693 2449 838 2549; x_wconf 87' lang='grc' dir='ltr'><strong><em>ἀνάγκη,</em></strong></span> <span class='ocrx_word' id='word_1_164' title='bbox 874 2449 914 2574; x_wconf 79' lang='grc' dir='ltr'><strong><em>ἠγ</em></strong></span> <span class='ocrx_word' id='word_1_165' title='bbox 938 2449 980 2520; x_wconf 85' lang='grc' dir='ltr'><strong><em>ἀν</em></strong></span> <span class='ocrx_word' id='word_1_166' title='bbox 1007 2448 1087 2538; x_wconf 85' lang='grc' dir='ltr'><strong><em>ἀγοι</em></strong></span> <span class='ocrx_word' id='word_1_167' title='bbox 1116 2448 1239 2543; x_wconf 78' lang='grc' dir='ltr'><strong><em>ψυχὴν,</em></strong></span> 
     </span>
     <span class='ocr_line' id='line_1_22' title="bbox 236 2547 1243 2649; baseline 0.006 -32"><span class='ocrx_word' id='word_1_168' title='bbox 236 2547 326 2639; x_wconf 84' lang='grc' dir='ltr'><strong><em>ἀγει,</em></strong></span> <span class='ocrx_word' id='word_1_169' title='bbox 347 2547 456 2620; x_wconf 89' lang='grc' dir='ltr'><strong><em>ἀιτίοο</em></strong></span> <span class='ocrx_word' id='word_1_170' title='bbox 475 2551 601 2634; x_wconf 83' lang='grc' dir='ltr'><strong><em>παντὸς</em></strong></span> <span class='ocrx_word' id='word_1_171' title='bbox 618 2552 701 2627; x_wconf 88' lang='grc' dir='ltr'><strong><em>ἀυτὸ</em></strong></span> <span class='ocrx_word' id='word_1_172' title='bbox 723 2553 762 2626; x_wconf 81' lang='grc' dir='ltr'><strong><em>όν</em></strong></span> <span class='ocrx_word' id='word_1_173' title='bbox 781 2554 820 2625; x_wconf 87' lang='grc' dir='ltr'><strong><em>τὸ</em></strong></span> <span class='ocrx_word' id='word_1_174' title='bbox 842 2548 1021 2647; x_wconf 85' lang='grc' dir='ltr'><strong><em>κράτιστόν</em></strong></span> <span class='ocrx_word' id='word_1_175' title='bbox 1038 2579 1073 2622; x_wconf 90' lang='grc' dir='ltr'><strong><em>τε</em></strong></span> <span class='ocrx_word' id='word_1_176' title='bbox 1090 2560 1147 2622; x_wconf 85' lang='grc' dir='ltr'><strong><em>καὶ</em></strong></span> <span class='ocrx_word' id='word_1_177' title='bbox 1163 2559 1243 2649; x_wconf 71' lang='grc' dir='ltr'><strong><em>δρα</em></strong></span> 
     </span>
     <span class='ocr_line' id='line_1_23' title="bbox 237 2648 1240 2751; baseline 0.007 -32"><span class='ocrx_word' id='word_1_178' title='bbox 237 2648 454 2723; x_wconf 78' lang='grc' dir='ltr'><strong><em>στικιὸτατον·</em></strong></span> <span class='ocrx_word' id='word_1_179' title='bbox 475 2652 562 2725; x_wconf 87' lang='grc' dir='ltr'><strong><em>ἀλλά</em></strong></span> <span class='ocrx_word' id='word_1_180' title='bbox 582 2652 853 2728; x_wconf 84' lang='grc' dir='ltr'><strong><em>λανθάνουσιν</em></strong></span> <span class='ocrx_word' id='word_1_181' title='bbox 833 2654 956 2736; x_wconf 84' lang='grc' dir='ltr'><strong><em>αυτοῦς</em></strong></span> <span class='ocrx_word' id='word_1_182' title='bbox 976 2680 1022 2748; x_wconf 79' lang='grc' dir='ltr'><strong><em>τῳ</em></strong></span> <span class='ocrx_word' id='word_1_183' title='bbox 1007 2658 1100 2746; x_wconf 77' lang='grc' dir='ltr'><strong><em>μὲν</em></strong></span> <span class='ocrx_word' id='word_1_184' title='bbox 1117 2654 1240 2751; x_wconf 79' lang='grc' dir='ltr'><strong><em>ἀγαθον.</em></strong></span> 
     </span>
     <span class='ocr_line' id='line_1_24' title="bbox 237 2751 1238 2888; baseline 0.009 -67"><span class='ocrx_word' id='word_1_185' title='bbox 237 2751 436 2841; x_wconf 84' lang='grc' dir='ltr'><strong><em>ἀσθένειαν,</em></strong></span> <span class='ocrx_word' id='word_1_186' title='bbox 473 2762 513 2854; x_wconf 78' lang='grc' dir='ltr'><strong><em>τῇ</em></strong></span> <span class='ocrx_word' id='word_1_187' title='bbox 547 2764 583 2828; x_wconf 79' lang='grc' dir='ltr'><strong><em>δὲ</em></strong></span> <span class='ocrx_word' id='word_1_188' title='bbox 568 2764 707 2855; x_wconf 80' lang='grc' dir='ltr'><strong><em>ὲψυχῆ</em></strong></span> <span class='ocrx_word' id='word_1_189' title='bbox 740 2756 951 2850; x_wconf 87' lang='grc' dir='ltr'><strong><em>ματαιότητα</em></strong></span> <span class='ocrx_word' id='word_1_190' title='bbox 985 2755 1238 2888; x_wconf 80' lang='grc' dir='ltr'><strong><em>προςάπτοντες,</em></strong></span> 
     </span>
     <span class='ocr_line' id='line_1_25' title="bbox 238 2856 1237 2957; baseline 0.007 -33"><span class='ocrx_word' id='word_1_191' title='bbox 238 2859 267 2926; x_wconf 80' lang='lat'><strong><em>6</em></strong></span> <span class='ocrx_word' id='word_1_192' title='bbox 285 2866 452 2928; x_wconf 88' lang='grc' dir='ltr'><strong><em>συνιεῖσαν</em></strong></span> <span class='ocrx_word' id='word_1_193' title='bbox 465 2856 574 2930; x_wconf 72' lang='grc' dir='ltr'><strong><em>ἕσθ”’</em></strong></span> <span class='ocrx_word' id='word_1_194' title='bbox 553 2889 607 2933; x_wconf 85' lang='grc' dir='ltr'><strong><em>οτι</em></strong></span> <span class='ocrx_word' id='word_1_195' title='bbox 618 2860 787 2952; x_wconf 84' lang='grc' dir='ltr'><strong><em>ἀγαθοῦ</em></strong></span> <span class='ocrx_word' id='word_1_196' title='bbox 770 2865 910 2933; x_wconf 92' lang='grc' dir='ltr'><strong><em>οτουοῦν</em></strong></span> <span class='ocrx_word' id='word_1_197' title='bbox 920 2859 1041 2957; x_wconf 73' lang='grc' dir='ltr'><strong><em>ψυχὴν,</em></strong></span> <span class='ocrx_word' id='word_1_198' title='bbox 1054 2869 1111 2930; x_wconf 81' lang='grc' dir='ltr'><strong><em>καὶ</em></strong></span> <span class='ocrx_word' id='word_1_199' title='bbox 1124 2859 1237 2936; x_wconf 82' lang='grc' dir='ltr'><strong><em>τούτου</em></strong></span> 
     </span>
     <span class='ocr_line' id='line_1_26' title="bbox 238 2956 1236 3088; baseline 0.007 -58"><span class='ocrx_word' id='word_1_200' title='bbox 238 2962 355 3086; x_wconf 65' lang='grc' dir='ltr'><strong><em>ἑτέραν</em></strong></span> <span class='ocrx_word' id='word_1_201' title='bbox 377 2956 545 3049; x_wconf 81' lang='grc' dir='ltr'><strong><em>ἀμείνονος</em></strong></span> <span class='ocrx_word' id='word_1_202' title='bbox 570 2973 773 3088; x_wconf 71' lang='grc' dir='ltr'><strong><em>φαινομένου</em></strong></span> <span class='ocrx_word' id='word_1_203' title='bbox 794 2969 860 3037; x_wconf 78' lang='grc' dir='ltr'><strong><em>πᾶν</em></strong></span> <span class='ocrx_word' id='word_1_204' title='bbox 879 2962 1073 3064; x_wconf 79' lang='grc' dir='ltr'><strong><em>μάλλοη,“</em></strong></span> <span class='ocrx_word' id='word_1_205' title='bbox 1051 2994 1072 3050; x_wconf 97' lang='grc' dir='ltr'><strong><em>η</em></strong></span> <span class='ocrx_word' id='word_1_206' title='bbox 1094 2963 1133 3035; x_wconf 86' lang='grc' dir='ltr'><strong><em>τό</em></strong></span> <span class='ocrx_word' id='word_1_207' title='bbox 1151 2965 1236 3058; x_wconf 60' lang='grc' dir='ltr'><strong><em>ἀμιιε</em></strong></span> 
     </span>
     <span class='ocr_line' id='line_1_27' title="bbox 240 3062 1018 3170; baseline 0.008 -38"><span class='ocrx_word' id='word_1_208' title='bbox 240 3088 297 3132; x_wconf 87' lang='grc' dir='ltr'><strong><em>νον</em></strong></span> <span class='ocrx_word' id='word_1_209' title='bbox 321 3065 419 3160; x_wconf 78' lang='grc' dir='ltr'><strong><em>εαυτῆ</em></strong></span> <span class='ocrx_word' id='word_1_210' title='bbox 439 3062 640 3170; x_wconf 74' lang='grc' dir='ltr'><strong><em>φαινόμενον</em></strong></span> <span class='ocrx_word' id='word_1_211' title='bbox 660 3064 838 3163; x_wconf 86' lang='grc' dir='ltr'><strong><em>ὁιρεῖσθαι</em></strong></span> <span class='ocrx_word' id='word_1_212' title='bbox 861 3066 1018 3154; x_wconf 80' lang='grc' dir='ltr'><strong><em>ἀξιοῦσιν.</em></strong></span> 
     </span>
    </p>
   </div>
   <div class='ocr_carea' id='block_1_3' title="bbox 0 0 1382 4510">
    <p class='ocr_par' dir='ltr' id='par_1_3' title="bbox 0 0 1382 4510">
     <span class='ocr_line' id='line_1_28' title="bbox 0 0 1382 4510; baseline 0 3"><span class='ocrx_word' id='word_1_213' title='bbox 0 0 1382 4510; x_wconf 95' lang='lat' dir='ltr'><strong><em> </em></strong></span> 
     </span>
    </p>
   </div>
  </div>
 </body>
</html>
