<?xml version="1.0" encoding="UTF-8"?>
<!DOCTYPE html PUBLIC "-//W3C//DTD XHTML 1.0 Transitional//EN"
    "http://www.w3.org/TR/xhtml1/DTD/xhtml1-transitional.dtd">
<html xmlns="http://www.w3.org/1999/xhtml" xml:lang="en" lang="en">
 <head>
  <title>
</title>
<meta http-equiv="Content-Type" content="text/html;charset=utf-8" />
  <meta name='ocr-system' content='tesseract 3.04.00' />
  <meta name='ocr-capabilities' content='ocr_page ocr_carea ocr_par ocr_line ocrx_word'/>
</head>
<body>
  <div class='ocr_page' id='page_1' title='image "./alexandriaprodi00alexgoog_0223.png"; bbox 0 0 2754 4510; ppageno 0'>
   <div class='ocr_carea' id='block_1_1' title="bbox 244 328 306 392">
    <p class='ocr_par' dir='ltr' id='par_1_1' title="bbox 244 328 306 392">
     <span class='ocr_line' id='line_1_1' title="bbox 244 328 306 392; baseline 0 0"><span class='ocrx_word' id='word_1_1' title='bbox 244 328 306 392; x_wconf 77' lang='lat'><strong><em>2⁰6</em></strong></span> 
     </span>
    </p>
   </div>
   <div class='ocr_carea' id='block_1_2' title="bbox 244 484 1248 792">
    <p class='ocr_par' dir='ltr' id='par_1_2' title="bbox 244 484 1248 792">
     <span class='ocr_line' id='line_1_2' title="bbox 245 484 1248 584; baseline -0.013 -18"><span class='ocrx_word' id='word_1_2' title='bbox 245 494 423 577; x_wconf 77' lang='grc' dir='ltr'><strong><em>καταδίκην</em></strong></span> <span class='ocrx_word' id='word_1_3' title='bbox 449 492 512 584; x_wconf 81' lang='grc' dir='ltr'><strong><em>ἔχει</em></strong></span> <span class='ocrx_word' id='word_1_4' title='bbox 540 492 573 560; x_wconf 71' lang='grc' dir='ltr'><strong><em>ἓν</em></strong></span> <span class='ocrx_word' id='word_1_5' title='bbox 601 493 670 570; x_wconf 84' lang='grc' dir='ltr'><strong><em>τοῖς</em></strong></span> <span class='ocrx_word' id='word_1_6' title='bbox 694 486 780 559; x_wconf 84' lang='grc' dir='ltr'><strong><em>κατά</em></strong></span> <span class='ocrx_word' id='word_1_7' title='bbox 810 485 1016 583; x_wconf 84' lang='grc' dir='ltr'><strong><em>προαίρεσιν·</em></strong></span> <span class='ocrx_word' id='word_1_8' title='bbox 1056 485 1091 554; x_wconf 83' lang='grc' dir='ltr'><strong><em>έν</em></strong></span> <span class='ocrx_word' id='word_1_9' title='bbox 1117 484 1155 554; x_wconf 72' lang='grc' dir='ltr'><strong><em>δέ</em></strong></span> <span class='ocrx_word' id='word_1_10' title='bbox 1177 489 1248 565; x_wconf 81' lang='grc' dir='ltr'><strong><em>τοῖς</em></strong></span> 
     </span>
     <span class='ocr_line' id='line_1_3' title="bbox 244 585 1248 696; baseline -0.012 -25"><span class='ocrx_word' id='word_1_11' title='bbox 244 595 453 696; x_wconf 80' lang='grc' dir='ltr'><strong><em>κατὰφύσιν</em></strong></span> <span class='ocrx_word' id='word_1_12' title='bbox 474 589 536 687; x_wconf 76' lang='grc' dir='ltr'><strong><em>ἔχει</em></strong></span> <span class='ocrx_word' id='word_1_13' title='bbox 559 591 618 678; x_wconf 79' lang='grc' dir='ltr'><strong><em>τὴν</em></strong></span> <span class='ocrx_word' id='word_1_14' title='bbox 639 591 852 684; x_wconf 81' lang='grc' dir='ltr'><strong><em>ἆνεγκλησίαν</em></strong></span> <span class='ocrx_word' id='word_1_15' title='bbox 873 589 912 663; x_wconf 86' lang='lat'><strong><em>66</em></strong></span> <span class='ocrx_word' id='word_1_16' title='bbox 932 585 1140 680; x_wconf 77' lang='grc' dir='ltr'><strong><em>κατάίλεος,</em></strong></span> <span class='ocrx_word' id='word_1_17' title='bbox 1161 586 1248 660; x_wconf 79' lang='lat'><em>6666</em></span> 
     </span>
     <span class='ocr_line' id='line_1_4' title="bbox 244 697 1193 792; baseline -0.014 -15"><span class='ocrx_word' id='word_1_18' title='bbox 244 700 332 777; x_wconf 85' lang='grc' dir='ltr'><strong><em>κατά</em></strong></span> <span class='ocrx_word' id='word_1_19' title='bbox 351 697 460 792; x_wconf 88' lang='grc' dir='ltr'><strong><em>λόγον.</em></strong></span> <span class='ocrx_word' id='word_1_20' title='bbox 1179 723 1193 736; x_wconf 56' lang='lat'><strong><em>‘¹</em></strong></span> 
     </span>
    </p>
   </div>
   <div class='ocr_carea' id='block_1_3' title="bbox 586 868 902 948">
    <p class='ocr_par' dir='ltr' id='par_1_3' title="bbox 586 868 902 948">
     <span class='ocr_line' id='line_1_5' title="bbox 586 868 902 948; baseline -0.013 -14"><span class='ocrx_word' id='word_1_21' title='bbox 586 869 662 934; x_wconf 81' lang='grc' dir='ltr'><strong><em>Καί</em></strong></span> <span class='ocrx_word' id='word_1_22' title='bbox 686 868 772 948; x_wconf 77' lang='grc' dir='ltr'><strong><em>ἑξῆς</em></strong></span> <span class='ocrx_word' id='word_1_23' title='bbox 796 869 902 948; x_wconf 78' lang='grc' dir='ltr'><strong><em>φησί</em></strong></span> 
     </span>
    </p>
   </div>
   <div class='ocr_carea' id='block_1_4' title="bbox 237 989 1330 3412">
    <p class='ocr_par' dir='ltr' id='par_1_4' title="bbox 242 989 1330 3378">
     <span class='ocr_line' id='line_1_6' title="bbox 308 989 1249 1140; baseline -0.012 -52"><span class='ocrx_word' id='word_1_24' title='bbox 308 1013 444 1109; x_wconf 83' lang='grc' dir='ltr'><strong><em>Νόμους</em></strong></span> <span class='ocrx_word' id='word_1_25' title='bbox 464 1015 583 1084; x_wconf 72' lang='grc' dir='ltr'><strong><em>ἔθεντο</em></strong></span> <span class='ocrx_word' id='word_1_26' title='bbox 604 989 790 1140; x_wconf 78' lang='grc' dir='ltr'><em>διαφόρους</em></span> <span class='ocrx_word' id='word_1_27' title='bbox 815 1036 847 1080; x_wconf 92' lang='grc' dir='ltr'><strong><em>οι</em></strong></span> <span class='ocrx_word' id='word_1_28' title='bbox 837 1007 1087 1106; x_wconf 71' lang='grc' dir='ltr'><strong><em>άνδρωποι’</em></strong></span> <span class='ocrx_word' id='word_1_29' title='bbox 1069 1035 1104 1080; x_wconf 87' lang='grc' dir='ltr'><strong><em>εν</em></strong></span> <span class='ocrx_word' id='word_1_30' title='bbox 1128 1001 1249 1104; x_wconf 78' lang='grc' dir='ltr'><strong><em>ἑκάστῃ</em></strong></span> 
     </span>
     <span class='ocr_line' id='line_1_7' title="bbox 242 1105 1251 1240; baseline -0.013 -48"><span class='ocrx_word' id='word_1_31' title='bbox 242 1119 353 1217; x_wconf 80' lang='grc' dir='ltr'><strong><em>χάρφ,</em></strong></span> <span class='ocrx_word' id='word_1_32' title='bbox 380 1118 471 1200; x_wconf 80' lang='grc' dir='ltr'><strong><em>τινὰς</em></strong></span> <span class='ocrx_word' id='word_1_33' title='bbox 494 1119 753 1240; x_wconf 72' lang='grc' dir='ltr'><em>γεγραμμένους,</em></span> <span class='ocrx_word' id='word_1_34' title='bbox 782 1112 966 1195; x_wconf 79' lang='grc' dir='ltr'><strong><em>τινάςδὲ</em></strong></span> <span class='ocrx_word' id='word_1_35' title='bbox 946 1110 1136 1234; x_wconf 83' lang='grc' dir='ltr'><strong><em>αγράφομς·</em></strong></span> <span class='ocrx_word' id='word_1_36' title='bbox 1159 1105 1251 1196; x_wconf 78' lang='grc' dir='ltr'><strong><em>ἐξάν</em></strong></span> 
     </span>
     <span class='ocr_line' id='line_1_8' title="bbox 246 1210 1250 1341; baseline -0.012 -46"><span class='ocrx_word' id='word_1_37' title='bbox 246 1222 446 1314; x_wconf 83' lang='grc' dir='ltr'><strong><em>διηγήσομαι</em></strong></span> <span class='ocrx_word' id='word_1_38' title='bbox 470 1219 514 1301; x_wconf 81' lang='grc' dir='ltr'><strong><em>ὡς</em></strong></span> <span class='ocrx_word' id='word_1_39' title='bbox 541 1219 617 1289; x_wconf 86' lang='grc' dir='ltr'><strong><em>ὀῖδα</em></strong></span> <span class='ocrx_word' id='word_1_40' title='bbox 644 1227 701 1288; x_wconf 82' lang='grc' dir='ltr'><strong><em>καὶ</em></strong></span> <span class='ocrx_word' id='word_1_41' title='bbox 725 1210 769 1288; x_wconf 79' lang='grc' dir='ltr'><strong><em>ὧν</em></strong></span> <span class='ocrx_word' id='word_1_42' title='bbox 792 1222 975 1341; x_wconf 87' lang='grc' dir='ltr'><strong><em>μέμνημαι,</em></strong></span> <span class='ocrx_word' id='word_1_43' title='bbox 1010 1213 1230 1310; x_wconf 83' lang='grc' dir='ltr'><strong><em>άρξάμενος’</em></strong></span> <span class='ocrx_word' id='word_1_44' title='bbox 1215 1241 1250 1284; x_wconf 80' lang='grc' dir='ltr'><strong><em>εκ</em></strong></span> 
     </span>
     <span class='ocr_line' id='line_1_9' title="bbox 245 1315 1249 1418; baseline -0.011 -21"><span class='ocrx_word' id='word_1_45' title='bbox 245 1332 304 1412; x_wconf 77' lang='grc' dir='ltr'><strong><em>τῆς</em></strong></span> <span class='ocrx_word' id='word_1_46' title='bbox 309 1324 442 1418; x_wconf 82' lang='grc' dir='ltr'><strong><em>κόσμου</em></strong></span> <span class='ocrx_word' id='word_1_47' title='bbox 459 1322 570 1417; x_wconf 76' lang='grc' dir='ltr'><strong><em>ἀρχῆς.</em></strong></span> <span class='ocrx_word' id='word_1_48' title='bbox 612 1320 757 1412; x_wconf 87' lang='grc' dir='ltr'><strong><em>Νόμος’</em></strong></span> <span class='ocrx_word' id='word_1_49' title='bbox 741 1328 810 1390; x_wconf 81' lang='grc' dir='ltr'><strong><em>εστὶ</em></strong></span> <span class='ocrx_word' id='word_1_50' title='bbox 813 1348 917 1415; x_wconf 87' lang='grc' dir='ltr'><strong><em>παρα</em></strong></span> <span class='ocrx_word' id='word_1_51' title='bbox 905 1317 1063 1415; x_wconf 82' lang='grc' dir='ltr'><strong><em>Σὴραις</em></strong></span> <span class='ocrx_word' id='word_1_52' title='bbox 1081 1315 1111 1404; x_wconf 82' lang='grc'><strong><em>6)</em></strong></span> <span class='ocrx_word' id='word_1_53' title='bbox 1124 1323 1249 1409; x_wconf 77' lang='grc' dir='ltr'><strong><em>μηδένα</em></strong></span> 
     </span>
     <span class='ocr_line' id='line_1_10' title="bbox 246 1419 1248 1552; baseline -0.007 -54"><span class='ocrx_word' id='word_1_54' title='bbox 246 1425 416 1524; x_wconf 89' lang='grc' dir='ltr'><strong><em>φονεύειν,</em></strong></span> <span class='ocrx_word' id='word_1_55' title='bbox 433 1423 518 1517; x_wconf 82' lang='grc' dir='ltr'><strong><em>μήτε</em></strong></span> <span class='ocrx_word' id='word_1_56' title='bbox 539 1423 706 1552; x_wconf 88' lang='grc' dir='ltr'><strong><em>πορνεύειν</em></strong></span> <span class='ocrx_word' id='word_1_57' title='bbox 717 1476 726 1508; x_wconf 88' lang='grc'><strong><em>,</em></strong></span> <span class='ocrx_word' id='word_1_58' title='bbox 753 1421 835 1514; x_wconf 78' lang='grc' dir='ltr'><strong><em>μήτε</em></strong></span> <span class='ocrx_word' id='word_1_59' title='bbox 853 1430 1014 1508; x_wconf 78' lang='grc' dir='ltr'><strong><em>κλέπτειν,</em></strong></span> <span class='ocrx_word' id='word_1_60' title='bbox 1043 1419 1124 1514; x_wconf 76' lang='grc' dir='ltr'><strong><em>μήτε</em></strong></span> <span class='ocrx_word' id='word_1_61' title='bbox 1144 1420 1248 1544; x_wconf 75' lang='grc' dir='ltr'><strong><em>ξόανα</em></strong></span> 
     </span>
     <span class='ocr_line' id='line_1_11' title="bbox 245 1521 1250 1650; baseline -0.006 -49"><span class='ocrx_word' id='word_1_62' title='bbox 245 1535 443 1626; x_wconf 84' lang='grc' dir='ltr'><strong><em>προςκυνεῖν.</em></strong></span> <span class='ocrx_word' id='word_1_63' title='bbox 485 1531 597 1597; x_wconf 79' lang='grc' dir='ltr'><strong><em>Καὶ</em></strong></span> <span class='ocrx_word' id='word_1_64' title='bbox 581 1554 614 1597; x_wconf 88' lang='grc' dir='ltr'><strong><em>εν</em></strong></span> <span class='ocrx_word' id='word_1_65' title='bbox 638 1529 738 1624; x_wconf 79' lang='grc' dir='ltr'><strong><em>έκείνχ</em></strong></span> <span class='ocrx_word' id='word_1_66' title='bbox 762 1530 803 1624; x_wconf 71' lang='grc' dir='ltr'><strong><em>τῇ</em></strong></span> <span class='ocrx_word' id='word_1_67' title='bbox 827 1529 963 1650; x_wconf 73' lang='grc' dir='ltr'><strong><em>μεγίστχχ</em></strong></span> <span class='ocrx_word' id='word_1_68' title='bbox 986 1524 1081 1621; x_wconf 84' lang='grc' dir='ltr'><strong><em>χώρα</em></strong></span> <span class='ocrx_word' id='word_1_69' title='bbox 1105 1525 1144 1596; x_wconf 85' lang='grc' dir='ltr'><strong><em>οὐ</em></strong></span> <span class='ocrx_word' id='word_1_70' title='bbox 1167 1521 1250 1596; x_wconf 86' lang='grc' dir='ltr'><strong><em>ναόν</em></strong></span> 
     </span>
     <span class='ocr_line' id='line_1_12' title="bbox 245 1627 1251 1725; baseline -0.006 -20"><span class='ocrx_word' id='word_1_71' title='bbox 245 1639 333 1705; x_wconf 76' lang='grc' dir='ltr'><strong><em>ἐστιν</em></strong></span> <span class='ocrx_word' id='word_1_72' title='bbox 354 1631 453 1715; x_wconf 87' lang='grc' dir='ltr'><strong><em>ἰδεῖν,</em></strong></span> <span class='ocrx_word' id='word_1_73' title='bbox 482 1629 521 1700; x_wconf 85' lang='grc' dir='ltr'><strong><em>ού</em></strong></span> <span class='ocrx_word' id='word_1_74' title='bbox 546 1637 686 1720; x_wconf 88' lang='grc' dir='ltr'><strong><em>γυναῖκα</em></strong></span> <span class='ocrx_word' id='word_1_75' title='bbox 706 1629 884 1725; x_wconf 83' lang='grc' dir='ltr'><strong><em>πορνικὴν,</em></strong></span> <span class='ocrx_word' id='word_1_76' title='bbox 917 1631 955 1701; x_wconf 84' lang='grc' dir='ltr'><strong><em>ού</em></strong></span> <span class='ocrx_word' id='word_1_77' title='bbox 976 1627 1194 1722; x_wconf 77' lang='grc' dir='ltr'><strong><em>μοιχαλίδα</em></strong></span> <span class='ocrx_word' id='word_1_78' title='bbox 1177 1655 1251 1699; x_wconf 87' lang='grc' dir='ltr'><strong><em>ονο-</em></strong></span> 
     </span>
     <span class='ocr_line' id='line_1_13' title="bbox 243 1731 1250 1830; baseline -0.005 -22"><span class='ocrx_word' id='word_1_79' title='bbox 243 1741 444 1830; x_wconf 78' lang='grc' dir='ltr'><strong><em>μαζομένην,</em></strong></span> <span class='ocrx_word' id='word_1_80' title='bbox 480 1732 518 1804; x_wconf 85' lang='grc' dir='ltr'><strong><em>ού</em></strong></span> <span class='ocrx_word' id='word_1_81' title='bbox 540 1739 678 1818; x_wconf 80' lang='grc' dir='ltr'><strong><em>κλέπτην</em></strong></span> <span class='ocrx_word' id='word_1_82' title='bbox 702 1731 873 1826; x_wconf 81' lang='grc' dir='ltr'><strong><em>ἑλκόμενον</em></strong></span> <span class='ocrx_word' id='word_1_83' title='bbox 898 1739 950 1804; x_wconf 81' lang='lat'><em>6666</em></span> <span class='ocrx_word' id='word_1_84' title='bbox 970 1737 1077 1819; x_wconf 88' lang='grc' dir='ltr'><strong><em>δίκην,</em></strong></span> <span class='ocrx_word' id='word_1_85' title='bbox 1110 1732 1171 1804; x_wconf 86' lang='grc' dir='ltr'><strong><em>ούκ</em></strong></span> <span class='ocrx_word' id='word_1_86' title='bbox 1193 1731 1250 1803; x_wconf 84' lang='grc' dir='ltr'><strong><em>άν-</em></strong></span> 
     </span>
     <span class='ocr_line' id='line_1_14' title="bbox 246 1835 1250 1965; baseline -0.007 -53"><span class='ocrx_word' id='word_1_87' title='bbox 246 1838 448 1965; x_wconf 87' lang='grc' dir='ltr'><strong><em>δροφὸνον,</em></strong></span> <span class='ocrx_word' id='word_1_88' title='bbox 452 1836 490 1908; x_wconf 87' lang='grc' dir='ltr'><strong><em>ού</em></strong></span> <span class='ocrx_word' id='word_1_89' title='bbox 517 1843 766 1961; x_wconf 72' lang='grc' dir='ltr'><strong><em>πεφονευμένον.</em></strong></span> <span class='ocrx_word' id='word_1_90' title='bbox 826 1837 965 1919; x_wconf 80' lang='grc' dir='ltr'><strong><em>Οὐδενὸς</em></strong></span> <span class='ocrx_word' id='word_1_91' title='bbox 983 1837 1049 1962; x_wconf 85' lang='grc' dir='ltr'><strong><em>γάρ</em></strong></span> <span class='ocrx_word' id='word_1_92' title='bbox 1076 1836 1115 1906; x_wconf 86' lang='grc' dir='ltr'><strong><em>τὸ</em></strong></span> <span class='ocrx_word' id='word_1_93' title='bbox 1137 1835 1250 1920; x_wconf 56' lang='lat'><em>6666&amp;-</em></span> 
     </span>
     <span class='ocr_line' id='line_1_15' title="bbox 246 1938 1248 2060; baseline -0.005 -46"><span class='ocrx_word' id='word_1_94' title='bbox 246 1943 367 2015; x_wconf 89' lang='grc' dir='ltr'><strong><em>ούσιον</em></strong></span> <span class='ocrx_word' id='word_1_95' title='bbox 387 1938 614 2031; x_wconf 85' lang='grc' dir='ltr'><strong><em>ηνάγκασενὸ</em></strong></span> <span class='ocrx_word' id='word_1_96' title='bbox 645 1945 705 2011; x_wconf 87' lang='grc' dir='ltr'><strong><em>τού</em></strong></span> <span class='ocrx_word' id='word_1_97' title='bbox 736 1945 961 2048; x_wconf 85' lang='grc' dir='ltr'><strong><em>πυριλαμπὲος</em></strong></span> <span class='ocrx_word' id='word_1_98' title='bbox 983 1941 1106 2034; x_wconf 73' lang='grc' dir='ltr'><strong><em>’Ἄρεος</em></strong></span> <span class='ocrx_word' id='word_1_99' title='bbox 1142 1939 1248 2060; x_wconf 76' lang='grc' dir='ltr'><strong><em>ἆστίχρ</em></strong></span> 
     </span>
     <span class='ocr_line' id='line_1_16' title="bbox 246 2041 1250 2141; baseline -0.006 -23"><span class='ocrx_word' id='word_1_100' title='bbox 246 2049 455 2141; x_wconf 79' lang='grc' dir='ltr'><strong><em>μεσουρανῶν</em></strong></span> <span class='ocrx_word' id='word_1_101' title='bbox 486 2045 592 2136; x_wconf 79' lang='grc' dir='ltr'><strong><em>ἄνδρα</em></strong></span> <span class='ocrx_word' id='word_1_102' title='bbox 626 2042 749 2139; x_wconf 79' lang='grc' dir='ltr'><strong><em>σιδήρῳ</em></strong></span> <span class='ocrx_word' id='word_1_103' title='bbox 777 2040 915 2129; x_wconf 77' lang='grc' dir='ltr'><strong><em>ἀνελεῖν,</em></strong></span> <span class='ocrx_word' id='word_1_104' title='bbox 951 2043 990 2116; x_wconf 84' lang='grc' dir='ltr'><strong><em>ού</em></strong></span> <span class='ocrx_word' id='word_1_105' title='bbox 1022 2041 1155 2138; x_wconf 87' lang='grc' dir='ltr'><strong><em>Κύπρις</em></strong></span> <span class='ocrx_word' id='word_1_106' title='bbox 1190 2041 1250 2113; x_wconf 83' lang='grc' dir='ltr'><strong><em>σύν</em></strong></span> 
     </span>
     <span class='ocr_line' id='line_1_17' title="bbox 237 2145 1241 2278; baseline -0.003 -59.964"><span class='ocrx_word' id='word_1_107' title='bbox 237 2149 335 2278; x_wconf 81' lang='grc' dir='ltr'><strong><em>’Ἁρει</em></strong></span> <span class='ocrx_word' id='word_1_108' title='bbox 361 2151 505 2239; x_wconf 79' lang='grc' dir='ltr'><strong><em>τυχοῦσα</em></strong></span> <span class='ocrx_word' id='word_1_109' title='bbox 528 2145 690 2241; x_wconf 86' lang='grc' dir='ltr'><strong><em>άλλοτρία</em></strong></span> <span class='ocrx_word' id='word_1_110' title='bbox 724 2156 852 2236; x_wconf 86' lang='grc' dir='ltr'><strong><em>γυναικὶ</em></strong></span> <span class='ocrx_word' id='word_1_111' title='bbox 888 2151 1023 2238; x_wconf 76' lang='grc' dir='ltr'><strong><em>μιγῆναί</em></strong></span> <span class='ocrx_word' id='word_1_112' title='bbox 1057 2173 1133 2218; x_wconf 92' lang='grc' dir='ltr'><strong><em>τινα</em></strong></span> <span class='ocrx_word' id='word_1_113' title='bbox 1171 2173 1241 2240; x_wconf 90' lang='grc' dir='ltr'><strong><em>παρ</em></strong></span> 
     </span>
     <span class='ocr_line' id='line_1_18' title="bbox 246 2248 1251 2346; baseline -0.003 -24"><span class='ocrx_word' id='word_1_114' title='bbox 246 2255 387 2334; x_wconf 77' lang='grc' dir='ltr'><strong><em>ἐκείνοις,</em></strong></span> <span class='ocrx_word' id='word_1_115' title='bbox 408 2275 537 2330; x_wconf 88' lang='grc' dir='ltr'><strong><em>παντως</em></strong></span> <span class='ocrx_word' id='word_1_116' title='bbox 543 2275 664 2346; x_wconf 87' lang='grc' dir='ltr'><strong><em>παση</em></strong></span> <span class='ocrx_word' id='word_1_117' title='bbox 645 2248 662 2318; x_wconf 79' lang='lat'><strong><em>6‘</em></strong></span> <span class='ocrx_word' id='word_1_118' title='bbox 655 2256 752 2344; x_wconf 77' lang='grc' dir='ltr'><strong><em>χμέρα</em></strong></span> <span class='ocrx_word' id='word_1_119' title='bbox 765 2256 1047 2346; x_wconf 80' lang='grc' dir='ltr'><strong><em>μεσουρανοῦντος</em></strong></span> <span class='ocrx_word' id='word_1_120' title='bbox 1056 2278 1115 2320; x_wconf 88' lang='grc' dir='ltr'><strong><em>του</em></strong></span> <span class='ocrx_word' id='word_1_121' title='bbox 1100 2250 1251 2344; x_wconf 70' lang='grc' dir='ltr'><strong><em>Ἄρεος,</em></strong></span> 
     </span>
     <span class='ocr_line' id='line_1_19' title="bbox 246 2346 1251 2452; baseline -0.002 -28"><span class='ocrx_word' id='word_1_122' title='bbox 246 2362 302 2424; x_wconf 88' lang='grc' dir='ltr'><strong><em>καί</em></strong></span> <span class='ocrx_word' id='word_1_123' title='bbox 315 2351 405 2451; x_wconf 71' lang='grc' dir='ltr'><strong><em>πάσῃ</em></strong></span> <span class='ocrx_word' id='word_1_124' title='bbox 421 2346 491 2446; x_wconf 80' lang='grc' dir='ltr'><strong><em>άίρρι</em></strong></span> <span class='ocrx_word' id='word_1_125' title='bbox 509 2360 564 2422; x_wconf 88' lang='grc' dir='ltr'><strong><em>καὶ</em></strong></span> <span class='ocrx_word' id='word_1_126' title='bbox 582 2349 688 2452; x_wconf 72' lang='grc' dir='ltr'><strong><em>ἡμέρᾳ</em></strong></span> <span class='ocrx_word' id='word_1_127' title='bbox 702 2361 903 2446; x_wconf 79' lang='grc' dir='ltr'><strong><em>γεννωμένων</em></strong></span> <span class='ocrx_word' id='word_1_128' title='bbox 916 2360 979 2426; x_wconf 79' lang='grc' dir='ltr'><strong><em>τῶν</em></strong></span> <span class='ocrx_word' id='word_1_129' title='bbox 990 2358 1123 2450; x_wconf 82' lang='grc' dir='ltr'><strong><em>Σηρῶν.</em></strong></span> <span class='ocrx_word' id='word_1_130' title='bbox 1143 2352 1251 2445; x_wconf 85' lang='grc' dir='ltr'><strong><em>Παρά</em></strong></span> 
     </span>
     <span class='ocr_line' id='line_1_20' title="bbox 242 2452 1253 2549; baseline -0.001 -22"><span class='ocrx_word' id='word_1_131' title='bbox 242 2456 363 2537; x_wconf 80' lang='grc' dir='ltr'><strong><em>Ἰνδοῖς</em></strong></span> <span class='ocrx_word' id='word_1_132' title='bbox 384 2463 440 2526; x_wconf 87' lang='grc' dir='ltr'><strong><em>καὶ</em></strong></span> <span class='ocrx_word' id='word_1_133' title='bbox 460 2452 629 2549; x_wconf 85' lang='grc' dir='ltr'><strong><em>Βάκτροις</em></strong></span> <span class='ocrx_word' id='word_1_134' title='bbox 650 2459 711 2526; x_wconf 83' lang='lat'><em>6666</em></span> <span class='ocrx_word' id='word_1_135' title='bbox 726 2455 871 2547; x_wconf 80' lang='grc' dir='ltr'><strong><em>χιλιάδες</em></strong></span> <span class='ocrx_word' id='word_1_136' title='bbox 891 2465 1013 2529; x_wconf 83' lang='grc' dir='ltr'><strong><em>πολλαὶ</em></strong></span> <span class='ocrx_word' id='word_1_137' title='bbox 1026 2461 1100 2533; x_wconf 71' lang='grc' dir='ltr'><strong><em>ιτείν</em></strong></span> <span class='ocrx_word' id='word_1_138' title='bbox 1116 2461 1253 2547; x_wconf 82' lang='grc' dir='ltr'><strong><em>λεγομέ-</em></strong></span> 
     </span>
     <span class='ocr_line' id='line_1_21' title="bbox 245 2556 1253 2742; baseline -0.002 -111"><span class='ocrx_word' id='word_1_139' title='bbox 245 2587 309 2632; x_wconf 91' lang='grc' dir='ltr'><strong><em>νων</em></strong></span> <span class='ocrx_word' id='word_1_140' title='bbox 330 2556 539 2691; x_wconf 77' lang='grc' dir='ltr'><strong><em>Βραχμάνων</em></strong></span> <span class='ocrx_word' id='word_1_141' title='bbox 560 2561 590 2644; x_wconf 84' lang='lat'><strong><em>⁷)</em></strong></span> <span class='ocrx_word' id='word_1_142' title='bbox 614 2558 646 2630; x_wconf 88' lang='grc' dir='ltr'><strong><em>ὁί</em></strong></span> <span class='ocrx_word' id='word_1_143' title='bbox 669 2587 754 2642; x_wconf 86' lang='grc' dir='ltr'><strong><em>τινες</em></strong></span> <span class='ocrx_word' id='word_1_144' title='bbox 770 2561 856 2631; x_wconf 84' lang='grc' dir='ltr'><strong><em>κατίι</em></strong></span> <span class='ocrx_word' id='word_1_145' title='bbox 879 2559 1067 2742; x_wconf 83' lang='grc' dir='ltr'><strong><em>παράδοσιν</em></strong></span> <span class='ocrx_word' id='word_1_146' title='bbox 1089 2563 1151 2630; x_wconf 77' lang='grc' dir='ltr'><strong><em>τῶν</em></strong></span> <span class='ocrx_word' id='word_1_147' title='bbox 1167 2585 1253 2653; x_wconf 86' lang='grc' dir='ltr'><strong><em>προ-</em></strong></span> 
     </span>
     <span class='ocr_line' id='line_1_22' title="bbox 246 2660 1253 2794; baseline -0.002 -60"><span class='ocrx_word' id='word_1_148' title='bbox 246 2662 352 2755; x_wconf 87' lang='grc' dir='ltr'><strong><em>γόνων</em></strong></span> <span class='ocrx_word' id='word_1_149' title='bbox 369 2672 424 2734; x_wconf 84' lang='grc' dir='ltr'><strong><em>καί</em></strong></span> <span class='ocrx_word' id='word_1_150' title='bbox 437 2661 562 2794; x_wconf 82' lang='grc' dir='ltr'><strong><em>νόμων,</em></strong></span> <span class='ocrx_word' id='word_1_151' title='bbox 591 2660 665 2733; x_wconf 85' lang='grc' dir='ltr'><strong><em>ὀύτε</em></strong></span> <span class='ocrx_word' id='word_1_152' title='bbox 683 2661 895 2759; x_wconf 79' lang='grc' dir='ltr'><strong><em>φονεύουσιν,</em></strong></span> <span class='ocrx_word' id='word_1_153' title='bbox 919 2664 994 2736; x_wconf 85' lang='grc' dir='ltr'><strong><em>ὀύτε</em></strong></span> <span class='ocrx_word' id='word_1_154' title='bbox 1012 2663 1116 2750; x_wconf 82' lang='grc' dir='ltr'><strong><em>ξόανα</em></strong></span> <span class='ocrx_word' id='word_1_155' title='bbox 1137 2667 1253 2752; x_wconf 81' lang='grc' dir='ltr'><strong><em>σέβον-</em></strong></span> 
     </span>
     <span class='ocr_line' id='line_1_23' title="bbox 248 2764 1254 2898; baseline -0.002 -61"><span class='ocrx_word' id='word_1_156' title='bbox 248 2795 322 2850; x_wconf 89' lang='grc' dir='ltr'><strong><em>ται,</em></strong></span> <span class='ocrx_word' id='word_1_157' title='bbox 344 2764 410 2836; x_wconf 85' lang='grc' dir='ltr'><strong><em>ούτ</em></strong></span> <span class='ocrx_word' id='word_1_158' title='bbox 435 2764 586 2871; x_wconf 77' lang='grc' dir='ltr'><strong><em>ἐμψύχου</em></strong></span> <span class='ocrx_word' id='word_1_159' title='bbox 604 2765 756 2856; x_wconf 88' lang='grc' dir='ltr'><strong><em>γεύονται</em></strong></span> <span class='ocrx_word' id='word_1_160' title='bbox 775 2767 881 2853; x_wconf 65' lang='grc' dir='ltr'><strong><em>Β),</em></strong></span> <span class='ocrx_word' id='word_1_161' title='bbox 843 2795 884 2839; x_wconf 93' lang='grc' dir='ltr'><strong><em>ου</em></strong></span> <span class='ocrx_word' id='word_1_162' title='bbox 901 2766 1133 2898; x_wconf 75' lang='grc' dir='ltr'><strong><em>μεθύσκονταί</em></strong></span> <span class='ocrx_word' id='word_1_163' title='bbox 1151 2794 1254 2850; x_wconf 73' lang='grc' dir='ltr'><strong><em>ποτε,</em></strong></span> 
     </span>
     <span class='ocr_line' id='line_1_24' title="bbox 247 2868 1253 2963; baseline -0.001 -23"><span class='ocrx_word' id='word_1_164' title='bbox 247 2869 339 2940; x_wconf 87' lang='grc' dir='ltr'><strong><em>ὀίνου</em></strong></span> <span class='ocrx_word' id='word_1_165' title='bbox 357 2875 413 2938; x_wconf 89' lang='grc' dir='ltr'><strong><em>καὶ</em></strong></span> <span class='ocrx_word' id='word_1_166' title='bbox 434 2875 566 2963; x_wconf 86' lang='grc' dir='ltr'><strong><em>σικέρας</em></strong></span> <span class='ocrx_word' id='word_1_167' title='bbox 589 2869 635 2959; x_wconf 83' lang='grc' dir='ltr'><strong><em>μὴ</em></strong></span> <span class='ocrx_word' id='word_1_168' title='bbox 656 2868 841 2962; x_wconf 89' lang='grc' dir='ltr'><strong><em>γευόμενοι,</em></strong></span> <span class='ocrx_word' id='word_1_169' title='bbox 875 2871 913 2943; x_wconf 91' lang='lat'><strong><em>06</em></strong></span> <span class='ocrx_word' id='word_1_170' title='bbox 935 2875 1036 2942; x_wconf 84' lang='grc' dir='ltr'><strong><em>κακία</em></strong></span> <span class='ocrx_word' id='word_1_171' title='bbox 1057 2878 1121 2942; x_wconf 78' lang='grc' dir='ltr'><strong><em>τινί</em></strong></span> <span class='ocrx_word' id='word_1_172' title='bbox 1137 2897 1253 2940; x_wconf 87' lang='grc' dir='ltr'><strong><em>κοινω-</em></strong></span> 
     </span>
     <span class='ocr_line' id='line_1_25' title="bbox 247 2943 1253 3070; baseline -0.001 -25"><span class='ocrx_word' id='word_1_173' title='bbox 247 2976 341 3046; x_wconf 82' lang='grc' dir='ltr'><strong><em>νοῦσι</em></strong></span> <span class='ocrx_word' id='word_1_174' title='bbox 358 2976 621 3067; x_wconf 86' lang='grc' dir='ltr'><strong><em>προςέχοντες</em></strong></span> <span class='ocrx_word' id='word_1_175' title='bbox 587 3001 632 3041; x_wconf 91' lang='grc' dir='ltr'><strong><em>τω</em></strong></span> <span class='ocrx_word' id='word_1_176' title='bbox 617 2971 744 3070; x_wconf 76' lang='grc' dir='ltr'><strong><em>θεαί,</em></strong></span> <span class='ocrx_word' id='word_1_177' title='bbox 765 2978 828 3044; x_wconf 80' lang='grc' dir='ltr'><strong><em>τῶν</em></strong></span> <span class='ocrx_word' id='word_1_178' title='bbox 846 2974 953 3046; x_wconf 79' lang='grc' dir='ltr'><strong><em>ἄλλων</em></strong></span> <span class='ocrx_word' id='word_1_179' title='bbox 962 2943 1078 3045; x_wconf 73' lang='grc' dir='ltr'><strong><em>Ἰνδῶν</em></strong></span> <span class='ocrx_word' id='word_1_180' title='bbox 1094 2970 1253 3070; x_wconf 87' lang='grc' dir='ltr'><strong><em>φονευόν-</em></strong></span> 
     </span>
     <span class='ocr_line' id='line_1_26' title="bbox 247 3071 1330 3169; baseline -0.001 -23"><span class='ocrx_word' id='word_1_181' title='bbox 247 3103 333 3161; x_wconf 91' lang='grc' dir='ltr'><strong><em>των,</em></strong></span> <span class='ocrx_word' id='word_1_182' title='bbox 360 3083 417 3144; x_wconf 81' lang='grc' dir='ltr'><strong><em>καὶ</em></strong></span> <span class='ocrx_word' id='word_1_183' title='bbox 436 3071 685 3167; x_wconf 83' lang='grc' dir='ltr'><strong><em>έταιρευόντων,</em></strong></span> <span class='ocrx_word' id='word_1_184' title='bbox 713 3084 770 3147; x_wconf 86' lang='grc' dir='ltr'><strong><em>καὶ</em></strong></span> <span class='ocrx_word' id='word_1_185' title='bbox 788 3084 1063 3205; x_wconf 72' lang='grc' dir='ltr'><strong><em>μεθυσκομένων,</em></strong></span> <span class='ocrx_word' id='word_1_186' title='bbox 1086 3081 1253 3166; x_wconf 72' lang='grc' dir='ltr'><strong><em>καὶσεβο·</em></strong></span> <span class='ocrx_word' id='word_1_187' title='bbox 1326 3159 1330 3166; x_wconf 28' lang='lat'><strong>¹</strong></span> 
     </span>
     <span class='ocr_line' id='line_1_27' title="bbox 247 3174 1254 3304; baseline -0.003 -52"><span class='ocrx_word' id='word_1_188' title='bbox 247 3185 350 3272; x_wconf 82' lang='grc' dir='ltr'><strong><em>μένων</em></strong></span> <span class='ocrx_word' id='word_1_189' title='bbox 368 3174 487 3264; x_wconf 83' lang='grc' dir='ltr'><strong><em>ξόανα,</em></strong></span> <span class='ocrx_word' id='word_1_190' title='bbox 509 3185 564 3248; x_wconf 80' lang='grc' dir='ltr'><strong><em>καὶ</em></strong></span> <span class='ocrx_word' id='word_1_191' title='bbox 580 3176 689 3249; x_wconf 88' lang='grc' dir='ltr'><strong><em>πάντα</em></strong></span> <span class='ocrx_word' id='word_1_192' title='bbox 704 3179 820 3271; x_wconf 88' lang='grc' dir='ltr'><strong><em>σχεδὸν</em></strong></span> <span class='ocrx_word' id='word_1_193' title='bbox 839 3179 952 3252; x_wconf 67' lang='grc' dir='ltr'><strong><em>καθΗ</em></strong></span> <span class='ocrx_word' id='word_1_194' title='bbox 937 3185 1134 3304; x_wconf 79' lang='grc' dir='ltr'><strong><em>ειμαρμένην</em></strong></span> <span class='ocrx_word' id='word_1_195' title='bbox 1152 3207 1254 3276; x_wconf 87' lang='grc' dir='ltr'><strong><em>φερο-</em></strong></span> 
     </span>
     <span class='ocr_line' id='line_1_28' title="bbox 248 3279 1254 3412; baseline -0.001 -59"><span class='ocrx_word' id='word_1_196' title='bbox 248 3288 361 3374; x_wconf 83' lang='grc' dir='ltr'><strong><em>μένων.</em></strong></span> <span class='ocrx_word' id='word_1_197' title='bbox 395 3281 492 3351; x_wconf 83' lang='grc' dir='ltr'><strong><em>Ἔστι</em></strong></span> <span class='ocrx_word' id='word_1_198' title='bbox 509 3284 578 3350; x_wconf 79' lang='grc' dir='ltr'><strong><em>δέ’</em></strong></span> <span class='ocrx_word' id='word_1_199' title='bbox 563 3308 595 3351; x_wconf 87' lang='grc' dir='ltr'><strong><em>εν</em></strong></span> <span class='ocrx_word' id='word_1_200' title='bbox 615 3285 663 3352; x_wconf 79' lang='lat'><strong><em>66</em></strong></span> <span class='ocrx_word' id='word_1_201' title='bbox 680 3282 768 3378; x_wconf 81' lang='grc' dir='ltr'><strong><em>άυτφ</em></strong></span> <span class='ocrx_word' id='word_1_202' title='bbox 754 3287 929 3412; x_wconf 83' lang='grc' dir='ltr'><strong><em>κλίματι</em></strong></span> <span class='ocrx_word' id='word_1_203' title='bbox 943 3313 1002 3369; x_wconf 81' lang='grc' dir='ltr'><strong><em>της</em></strong></span> <span class='ocrx_word' id='word_1_204' title='bbox 1015 3283 1142 3364; x_wconf 82' lang='grc' dir='ltr'><strong><em>Ἰνδίας</em></strong></span> <span class='ocrx_word' id='word_1_205' title='bbox 1163 3279 1254 3378; x_wconf 77' lang='grc' dir='ltr'><strong><em>φολν</em></strong></span> 
     </span>
    </p>
   </div>
   <div class='ocr_carea' id='block_1_5' title="bbox 147 3382 1253 3479">
    <p class='ocr_par' dir='ltr' id='par_1_5' title="bbox 147 3382 1253 3479">
     <span class='ocr_line' id='line_1_29' title="bbox 147 3382 1253 3479; baseline 0 -23"><span class='ocrx_word' id='word_1_206' title='bbox 147 3410 148 3413; x_wconf 72' lang='grc'>’</span> <span class='ocrx_word' id='word_1_207' title='bbox 249 3413 300 3466; x_wconf 88' lang='grc' dir='ltr'><strong><em>τις</em></strong></span> <span class='ocrx_word' id='word_1_208' title='bbox 317 3383 431 3456; x_wconf 78' lang='grc' dir='ltr'><strong><em>Ἰνδῶν</em></strong></span> <span class='ocrx_word' id='word_1_209' title='bbox 445 3389 490 3469; x_wconf 83' lang='grc'><strong><em>9),</em></strong></span> <span class='ocrx_word' id='word_1_210' title='bbox 513 3384 545 3466; x_wconf 85' lang='grc' dir='ltr'><strong><em>ὁί</em></strong></span> <span class='ocrx_word' id='word_1_211' title='bbox 560 3411 650 3466; x_wconf 89' lang='grc' dir='ltr'><strong><em>τινες</em></strong></span> <span class='ocrx_word' id='word_1_212' title='bbox 671 3385 747 3468; x_wconf 80' lang='grc' dir='ltr'><strong><em>τοὺς</em></strong></span> <span class='ocrx_word' id='word_1_213' title='bbox 768 3391 987 3479; x_wconf 81' lang='grc' dir='ltr'><strong><em>ἐμπίπτοντας</em></strong></span> <span class='ocrx_word' id='word_1_214' title='bbox 1006 3384 1155 3472; x_wconf 82' lang='grc' dir='ltr'><strong><em>ξένους</em></strong></span> <span class='ocrx_word' id='word_1_215' title='bbox 1136 3382 1253 3479; x_wconf 87' lang='grc' dir='ltr'><strong><em>αγρεύ-</em></strong></span> 
     </span>
    </p>
   </div>
   <div class='ocr_carea' id='block_1_6' title="bbox 248 3484 1256 3999">
    <p class='ocr_par' dir='ltr' id='par_1_6' title="bbox 248 3484 1255 3897">
     <span class='ocr_line' id='line_1_30' title="bbox 250 3484 1254 3572; baseline -0.001 -15"><span class='ocrx_word' id='word_1_216' title='bbox 250 3515 356 3571; x_wconf 86' lang='grc' dir='ltr'><strong><em>οντες,</em></strong></span> <span class='ocrx_word' id='word_1_217' title='bbox 392 3496 448 3557; x_wconf 83' lang='grc' dir='ltr'><strong><em>καὶ</em></strong></span> <span class='ocrx_word' id='word_1_218' title='bbox 477 3484 616 3569; x_wconf 87' lang='grc' dir='ltr'><strong><em>τούτους</em></strong></span> <span class='ocrx_word' id='word_1_219' title='bbox 646 3484 794 3572; x_wconf 71' lang='grc' dir='ltr'><strong><em>θύοντες</em></strong></span> <span class='ocrx_word' id='word_1_220' title='bbox 821 3495 993 3562; x_wconf 73' lang='grc' dir='ltr'><strong><em>ἐσθίουσι</em></strong></span> <span class='ocrx_word' id='word_1_221' title='bbox 1036 3497 1094 3560; x_wconf 83' lang='grc' dir='ltr'><strong><em>καί</em></strong></span> <span class='ocrx_word' id='word_1_222' title='bbox 1118 3487 1191 3560; x_wconf 84' lang='grc' dir='ltr'><strong><em>ὀύιε</em></strong></span> <span class='ocrx_word' id='word_1_223' title='bbox 1220 3492 1254 3556; x_wconf 83' lang='lat'><strong><em>06</em></strong></span> 
     </span>
     <span class='ocr_line' id='line_1_31' title="bbox 249 3589 1254 3687; baseline 0 -25"><span class='ocrx_word' id='word_1_224' title='bbox 249 3589 458 3680; x_wconf 75' lang='lat'><em>67666666606</em></span> <span class='ocrx_word' id='word_1_225' title='bbox 480 3594 543 3661; x_wconf 81' lang='grc' dir='ltr'><strong><em>τῶν</em></strong></span> <span class='ocrx_word' id='word_1_226' title='bbox 565 3590 695 3687; x_wconf 84' lang='grc' dir='ltr'><strong><em>άστρων</em></strong></span> <span class='ocrx_word' id='word_1_227' title='bbox 715 3593 916 3666; x_wconf 88' lang='grc' dir='ltr'><strong><em>κεκωλύκασι</em></strong></span> <span class='ocrx_word' id='word_1_228' title='bbox 936 3592 1073 3676; x_wconf 84' lang='grc' dir='ltr'><strong><em>τούτους</em></strong></span> <span class='ocrx_word' id='word_1_229' title='bbox 1092 3594 1140 3686; x_wconf 82' lang='grc' dir='ltr'><strong><em>μὴ</em></strong></span> <span class='ocrx_word' id='word_1_230' title='bbox 1158 3621 1254 3680; x_wconf 80' lang='grc' dir='ltr'><strong><em>μιαι·</em></strong></span> 
     </span>
     <span class='ocr_line' id='line_1_32' title="bbox 250 3693 1255 3816; baseline 0.006 -54"><span class='ocrx_word' id='word_1_231' title='bbox 250 3700 362 3816; x_wconf 84' lang='grc' dir='ltr'><strong><em>φονεῑν</em></strong></span> <span class='ocrx_word' id='word_1_232' title='bbox 396 3701 453 3762; x_wconf 80' lang='grc' dir='ltr'><strong><em>καὶ</em></strong></span> <span class='ocrx_word' id='word_1_233' title='bbox 489 3693 535 3783; x_wconf 81' lang='grc' dir='ltr'><strong><em>μὴ</em></strong></span> <span class='ocrx_word' id='word_1_234' title='bbox 569 3693 848 3787; x_wconf 72' lang='grc' dir='ltr'><strong><em>άθεμιτογαμεῖν,</em></strong></span> <span class='ocrx_word' id='word_1_235' title='bbox 899 3697 973 3769; x_wconf 85' lang='grc' dir='ltr'><strong><em>ὀύτε</em></strong></span> <span class='ocrx_word' id='word_1_236' title='bbox 1012 3706 1044 3771; x_wconf 84' lang='grc' dir='ltr'><strong><em>οἱ</em></strong></span> <span class='ocrx_word' id='word_1_237' title='bbox 1078 3705 1255 3770; x_wconf 75' lang='grc' dir='ltr'><strong><em>κακοποιοί</em></strong></span> 
     </span>
     <span class='ocr_line' id='line_1_33' title="bbox 248 3792 1256 3897; baseline 0.007 -31"><span class='ocrx_word' id='word_1_238' title='bbox 248 3793 441 3884; x_wconf 77' lang='grc' dir='ltr'><strong><em>ἠνάγκασαν</em></strong></span> <span class='ocrx_word' id='word_1_239' title='bbox 465 3796 542 3877; x_wconf 82' lang='grc' dir='ltr'><strong><em>τοὺς</em></strong></span> <span class='ocrx_word' id='word_1_240' title='bbox 567 3802 771 3892; x_wconf 73' lang='grc' dir='ltr'><strong><em>Βραχμᾶνας</em></strong></span> <span class='ocrx_word' id='word_1_241' title='bbox 795 3792 996 3897; x_wconf 84' lang='grc' dir='ltr'><strong><em>κακάυργειν.</em></strong></span> <span class='ocrx_word' id='word_1_242' title='bbox 1038 3800 1143 3896; x_wconf 80' lang='grc' dir='ltr'><strong><em>Παρὰ</em></strong></span> <span class='ocrx_word' id='word_1_243' title='bbox 1161 3807 1256 3895; x_wconf 83' lang='grc' dir='ltr'><strong><em>Πίρ·</em></strong></span> 
     </span>
    </p>

    <p class='ocr_par' dir='ltr' id='par_1_7' title="bbox 251 3888 1255 3999">
     <span class='ocr_line' id='line_1_34' title="bbox 251 3888 1255 3999; baseline -0.003 -20"><span class='ocrx_word' id='word_1_244' title='bbox 251 3923 327 3979; x_wconf 63' lang='lat'><em>⁰068</em></span> <span class='ocrx_word' id='word_1_245' title='bbox 343 3902 387 3982; x_wconf 73' lang='grc' dir='ltr'><strong><em>ιο)</em></strong></span> <span class='ocrx_word' id='word_1_246' title='bbox 408 3922 509 3988; x_wconf 76' lang='grc' dir='ltr'><strong><em>νθμθς</em></strong></span> <span class='ocrx_word' id='word_1_247' title='bbox 528 3888 569 3984; x_wconf 82' lang='grc' dir='ltr'><strong><em>ἦν</em></strong></span> <span class='ocrx_word' id='word_1_248' title='bbox 591 3907 707 3993; x_wconf 79' lang='grc' dir='ltr'><strong><em>γαμεῖν</em></strong></span> <span class='ocrx_word' id='word_1_249' title='bbox 733 3903 791 3987; x_wconf 76' lang='grc' dir='ltr'><strong><em>’τάς</em></strong></span> <span class='ocrx_word' id='word_1_250' title='bbox 814 3910 1009 3999; x_wconf 74' lang='grc' dir='ltr'><strong><em>θυγατέρας</em></strong></span> <span class='ocrx_word' id='word_1_251' title='bbox 1033 3914 1089 3978; x_wconf 83' lang='grc' dir='ltr'><strong><em>καί</em></strong></span> <span class='ocrx_word' id='word_1_252' title='bbox 1110 3904 1171 3986; x_wconf 79' lang='grc' dir='ltr'><strong><em>τὰς</em></strong></span> <span class='ocrx_word' id='word_1_253' title='bbox 1190 3935 1255 3996; x_wconf 64' lang='grc' dir='ltr'><strong><em>μη,</em></strong></span> 
     </span>
    </p>
   </div>
   <div class='ocr_carea' id='block_1_7' title="bbox 0 0 1390 4510">
    <p class='ocr_par' dir='ltr' id='par_1_8' title="bbox 0 0 1390 4510">
     <span class='ocr_line' id='line_1_35' title="bbox 0 0 1390 4510; baseline 0 0"><span class='ocrx_word' id='word_1_254' title='bbox 0 0 1390 4510; x_wconf 95' lang='lat' dir='ltr'><strong><em> </em></strong></span> 
     </span>
    </p>
   </div>
  </div>
 </body>
</html>
