2694 4508
1066 315 1121 377 25·

90 471 172 555 luga
194 477 237 534 et·
250 489 352 532 crrrsu
374 470 507 536 dominis
539 471 603 536 suis
624 471 865 556 lleretobvins.
910 479 995 562 Quid
1023 453 1107 551 uero

96 593 182 656 opos
204 571 304 655 plura
325 573 452 637 adferre
474 575 636 658 exempla,
674 589 727 640 aut
747 579 915 656 urinutiora
934 579 1109 652 ista‘exse-

96 674 177 760 qui?
206 675 293 740 Satis
316 675 397 739 enirn
412 687 571 760 quantum
590 677 734 744 instimto
756 685 921 764 convenit,
946 679 1107 762 ostensum

97 791 147 842 est
161 800 230 864 quo
251 778 446 842 intellectu
435 791 496 844 ista
517 781 674 846 vocabula
693 799 897 868 usurpentur.
926 790 1008 857 Cum
1010 815 1107 882 ergo

98 903 181 965 qaae
208 881 345 946 fortuna
372 903 517 966 quaeque
545 905 621 948 casu
647 885 748 963 fiunt,
785 889 860 954 talia
889 893 951 958 sint
977 910 1013 961 ut
1044 921 1108 966 nou

98 983 176 1048 liant
197 1005 241 1048 ex
261 987 465 1050 antecedente
487 1008 580 1050 causa
600 988 767 1072 principali
794 994 888 1072 (sunt
913 999 995 1063 enim
1016 1025 1107 1070 casus

98 1099 131 1152 et
149 1087 341 1160 fortunam
362 1087 400 1152 iis
421 1089 570 1172 posita,
566 1111 659 1174 quae
680 1113 756 1157 raro
778 1101 1031 1169 antecedentibus
1052 1131 1108 1173 so-

98 1190 310 1276 pervenirmt,
319 1193 334 1271 )
364 1195 528 1275 quomodo
549 1214 661 1258 eorum
684 1217 765 1280 quae
786 1198 920 1266 diximus
942 1207 1108 1294 quicquam

98 1292 227 1377 poterit
248 1293 375 1358 defendi
395 1315 437 1358 ex
465 1317 577 1360 eorum
606 1301 779 1379 sententia,
813 1305 868 1388 qui
896 1310 1000 1376 omnia
1027 1315 1109 1398 quae

101 1407 180 1460 sunt
201 1418 346 1482 quaeque
366 1398 447 1461 fiunt
474 1398 610 1462 existere
631 1405 763 1468 credunt
785 1427 827 1469 ex
847 1415 1030 1494 antepositis
1050 1441 1108 1484 ne-

99 1499 344 1584 tenuitatemque
367 1503 589 1566 adducentibus
611 1505 731 1583 causis,
761 1509 804 1572 lta
828 1523 863 1574 ut
884 1514 1032 1601 quicquid
1052 1523 1106 1602 fit,

97 1603 146 1668 ibi
168 1604 264 1667 etiam
286 1605 421 1668 alterum
442 1604 520 1668 illud
547 1606 622 1691 quin
650 1608 708 1686 sit,
747 1613 870 1678 causam
902 1619 964 1683 iam
994 1625 1110 1692 habeat

101 1707 309 1783 anteiactam,
348 1713 430 1790 quae
456 1708 513 1771 ubi
540 1722 589 1773 est
620 1723 674 1774 aut
694 1713 748 1792 fit,
784 1717 829 1781 ibi
856 1719 948 1786 etiam
977 1725 1108 1795 alterum

101 1811 179 1874 illud
202 1809 281 1894 quin
303 1810 344 1874 sit
364 1822 419 1874 aut
445 1811 502 1874 fiat
529 1813 629 1903 effugi
654 1819 812 1900 nequeat?
854 1823 978 1889 Deinde
1006 1830 1110 1897 dicere

90 1913 197 1990 ideo,
234 1915 324 1996 quod
343 1935 457 1978 nomen
478 1906 627 1980 fortunae
647 1939 712 1982 uon
734 1921 864 1986 tollatru·
896 1928 984 1990 ab”
962 1951 1017 2008 ns,
1056 1939 1112 2019 qui

105 2029 224 2080 cuncta
245 2015 430 2080 necessitate
449 2019 643 2084 ineluctabili
662 2021 733 2086 fieri
747 2023 944 2107 existimant,
969 2037 1021 2098 et
1010 2059 1111 2120 ipsam

103 2141 237 2204 quoque
257 2119 420 2184 fortunam
441 2121 522 2184 ab''
502 2143 540 2186 ιιι
562 2144 627 2187 non
648 2125 736 2203 tolli,
761 2139 793 2191 et
813 2146 913 2196 semet
933 2147 966 2200 et
987 2143 1111 2209 audito-

104 2245 158 2286 res
180 2222 379 2288 cavillatorie
405 2224 631 2290 ludificantium
652 2239 713 2292 est.
757 2232 796 2295 Id
817 2234 898 2298 enirn
919 2240 946 2302 si
968 2245 1111 2314 admitta-

105 2337 175 2402 tm,
198 2326 275 2388 nibil
295 2326 480 2408 prohibebit
501 2319 605 2392 dicere
625 2329 708 2394 idem
722 2353 798 2398 esse
820 2338 934 2404 Fatum
955 2358 988 2408 et
1007 2349 1113 2416 sortu-

106 2451 201 2505 nam‚
243 2439 425 2512 tantumque
454 2433 564 2495 abesse
590 2445 627 2498 ut
647 2434 766 2518 quiite
787 2442 917 2521 sentiat,
951 2448 1112 2520 fortunam

105 2534 218 2610 tollat,
241 2545 277 2595 ut
298 2532 392 2596 ctiam
414 2546 526 2598 cuncta
547 2557 628 2620 quae
649 2538 746 2615 liunt,
774 2543 860 2606 forte
880 2547 1009 2615 fortuna
1030 2557 1113 2623 dicat

107 2637 192 2700 lieri.
235 2638 300 2700 Sed
321 2637 402 2700 enim
424 2637 548 2701 suffiioit
568 2643 656 2723 quod
676 2640 729 2703 illa
755 2645 864 2723 tollat,
895 2651 934 2711 ad
961 2677 1041 2737 quae
1069 2645 1113 2726 si'.

108 2739 287 2825 gnificanda
308 2761 399 2803 casus
421 2751 454 2803 et
479 2741 627 2806 fortunae
649 2747 805 2810 vocabula
831 2757 977 2836 usurpari
998 2763 1113 2831 solent.

110 2843 195 2924 Quid
217 2843 300 2908 enim
323 2855 421 2928 agrmt
442 2844 525 2906 aliud
546 2845 600 2929 qui
620 2846 782 2911 fortunam
798 2863 829 2915 et
843 2875 948 2921 casum
964 2864 1114 2933 definiunt

109 2967 236 3010 ramam
256 2948 413 3010 brunanae
433 2946 548 3010 rationi
568 2948 735 3027 latentem,
770 2957 938 3024 autetiam
959 2973 1113 3048 quandam
1175 2991 1183 3007 ι

110 3049 374 3135 significationem
394 3048 470 3132 ipsis
491 3052 656 3134 propriam
684 3073 722 3117 ac
749 3060 940 3139 peculiarem
966 3068 1115 3138 fortunae

111 3153 185 3218 voci
203 3174 267 3236 pro
289 3151 455 3216 arbitrio'
445 3167 622 3236 imponunt.
674 3157 758 3223 Nam
786 3165 874 3245 quod
902 3167 1045 3250 quidam,
1079 3189 1116 3240 ut

112 3255 190 3318 banc
210 3277 330 3321 novam
350 3255 544 3320 locutionem
563 3269 729 3338 tueantur,
764 3264 849 3330 aiunt
877 3289 952 3331 casu
980 3273 1116 3359 aliquem

99 3372 303 3446 ,agmini-c,
337 3356 423 3422 ubi
414 3369 525 3443 ignota
545 3372 595 3424 est
614 3363 688 3430 mali
716 3385 825 3445 causa,
865 3369 898 3433 id
918 3372 1031 3440 salsum
1053 3393 1115 3448 est.

112 3465 192 3528 llam
213 3485 281 3528 non
302 3461 347 3524 ita
366 3461 539 3544 loquuntur
559 3463 719 3542 homines,
750 3469 806 3531 ubi
827 3483 874 3534 est
896 3476 1020 3558 quidem
1042 3505 1118 3548 cau·

113 3587 163 3643 aa,
197 3565 287 3630 sed
277 3563 355 3648 ipsis
377 3563 504 3648 ignota3
537 3570 593 3630 sed
622 3588 703 3650 quae
723 3582 833 3652 putant
854 3575 922 3640 sine
943 3602 1035 3647 causa
1057 3587 1117 3652 sibi

100 3669 274 3745 accidere,
310 3665 386 3731 de
376 3665 415 3730 ιὶι
444 3689 535 3732 casus
557 3690 673 3734 nomen
693 3687 858 3755 rumpant.
902 3683 1029 3767 Neque
1042 3709 1117 3754 sane

115 3787 199 3838 recte
226 3773 354 3838 dicatur
382 3791 456 3834 casu
478 3770 638 3855 quippiam
660 3776 802 3840 evenisse
824 3781 880 3846 ubi
901 3805 993 3852 causa
1015 3793 1118 3854 credi·

116 3889 166 3942 ιιι·
186 3898 278 3954 esse,
300 3879 357 3942 sed
379 3895 459 3959 quae
481 3876 521 3942 sit
543 3876 724 3960 quaeritur:
747 3885 803 3948 sed
825 3890 911 3969 quod
934 3889 1002 3972 quis
1017 3893 1117 3958 credit
