2754 4510
1075 301 1137 366 983

132 479 165 536 a
182 465 298 536 lovem
324 469 540 554 appellamus:
568 469 637 536 Nec
662 469 743 536 enim
765 473 873 536 eadem
898 483 1013 536 temere
1036 473 1136 538 domi-

131 587 225 640 natus
262 574 356 640 simul
388 584 420 636 et
459 571 595 640 servitus
630 573 701 638 crit.
757 575 886 659 Siquis
916 597 996 642 vero
1021 598 1062 640 ex
1097 598 1140 666 eo

133 677 343 742 deliniendam
370 676 487 740 iudicet
513 676 697 740 servitutem
724 691 777 744 ant
801 679 994 758 libertatern,
1031 693 1138 748 utrum

133 781 204 866 quis
233 781 372 866 imperio
399 780 502 844 subsit
529 801 568 846 an
594 780 716 858 miuus,
754 803 819 846 non
844 784 947 848 solum
975 784 1137 850 hominum

132 905 247 963 nemo,
286 885 343 956 sed
370 906 410 948 ne
439 884 584 948 Deorum
611 884 737 967 quidem
770 885 934 968 quisquam
963 886 1045 951 liber
1076 888 1137 952 erit

131 1001 261 1072 praeter
286 990 420 1054 Iovem:
457 986 525 1051 aliis
557 986 701 1051 nimirum
732 987 867 1052 aliorum
898 989 1032 1072 imperio
1061 994 1138 1074 sub-

130 1091 220 1156 iectio
243 1094 387 1176 adeoque
405 1089 637 1168 servientibus,
672 1089 817 1154 omnibus
840 1103 960 1169 autem,
990 1093 1062 1159 inde
1083 1115 1137 1157 us·

133 1217 233 1280 quea
254 1195 344 1272 Diis,
367 1193 550 1277 parentibus
573 1193 731 1257 communi
751 1193 879 1259 domino
894 1195 980 1260 Iovi.
1024 1198 1137 1282 Neque

130 1309 239 1362 tamen
268 1299 402 1364 molesta
432 1319 566 1382 prorsus
591 1297 678 1362 foret
704 1298 769 1361 hoe
794 1300 890 1363 modo
923 1299 1058 1364 servitus
1085 1313 1138 1376 aut

132 1401 295 1486 fugienda.
339 1403 422 1466 Nam
449 1401 477 1464 si
504 1402 592 1464 bono
620 1399 755 1464 servitus
784 1423 848 1468 non
881 1403 984 1466 solum
1005 1403 1138 1468 molesta

114 1499 198 1568 ¹uon
221 1517 286 1582 est,
310 1507 367 1570 sed
391 1517 423 1569 et
448 1503 576 1586 expedit
597 1515 628 1568 et
647 1505 769 1585 placet,
794 1507 900 1569 eadem
922 1506 1023 1570 videri
1044 1509 1138 1572 debet
1178 1491 1181 1496 ¹

131 1606 168 1670 iis
197 1608 254 1691 qui
278 1607 340 1690 ipsi
359 1609 448 1671 bono
474 1606 628 1670 serviunt.
672 1609 747 1671 Non
777 1607 858 1670 enim
880 1608 940 1672 nisi
958 1597 1051 1675 lionis
1072 1611 1137 1676 frui

129 1710 275 1793 poterit,
311 1710 365 1794 qui
388 1712 477 1775 bono
497 1709 628 1774 serviat.
674 1710 771 1790 Quod
793 1710 910 1794 siquis
935 1687 989 1776 illa
1013 1714 1137 1778 ratione

127 1835 197 1880 non
216 1813 346 1877 definiat
371 1813 554 1878 servitutem
573 1824 604 1875 et
624 1812 819 1889 libertatem,
852 1815 909 1880 sed
931 1815 992 1878 hac
1015 1815 1134 1897 potius,

128 1928 233 2000 prout
251 1915 322 2001 quis
341 1917 392 1979 vel
411 1915 632 2000 prohibeatur,
657 1914 708 1977 vel
726 1936 790 1979 non
804 1915 1012 1999 prohibeatur
1027 1917 1136 1980 vivere

128 2032 165 2083 ut
184 2019 273 2095 vult,
311 2019 389 2082 velit
410 2031 512 2082 autern
533 2017 748 2102 unusquisque
765 2019 845 2082 felix
869 2040 938 2083 esse
960 2031 992 2082 et
1013 2021 1136 2098 beatus,

130 2135 285 2206 sequetur
306 2122 499 2206 quemlibet,
535 2120 586 2184 cui
603 2122 684 2184 benc
699 2132 780 2198 est„
798 2122 932 2186 liberum
955 2144 1046 2199 esse,
1071 2122 1138 2186 sive

128 2228 191 2290 sub
211 2225 349 2308 imperio
379 2224 447 2289 sive
475 2226 594 2308 absque
618 2226 731 2288 eodem
761 2227 843 2290 bene
871 2237 957 2312 agat.
1001 2226 1139 2290 Viveret

128 2329 213 2394 enim
234 2341 270 2391 ut
287 2329 403 2393 vellet:
428 2339 542 2391 contra
568 2348 648 2391 vero
673 2326 830 2391 infelicem
850 2350 952 2412 neque
973 2328 1082 2393 vivere
1103 2321 1140 2392 ut

130 2432 228 2510 velit,
265 2453 325 2496 nec
345 2431 481 2516 proinde
505 2431 640 2494 liberum
664 2450 746 2493 esse.
791 2431 854 2494 Sed
877 2431 1019 2496 infelices
1048 2432 1139 2496 aliter

129 2536 274 2600 homines
294 2557 359 2598 non
379 2546 469 2610 sunt,
493 2533 553 2598 nisi
570 2532 627 2596 ubi
646 2532 720 2597 mali
745 2533 874 2597 fuerint.
918 2536 1011 2619 Ergo
1033 2556 1137 2620 neque

130 2637 298 2722 quisquam
319 2637 409 2702 volet
431 2638 530 2700 malus
551 2635 640 2713 fieri,
671 2627 823 2719 siquidem
841 2656 901 2698 nec
921 2635 1033 2700 infelix
1054 2657 1135 2713 esse,

129 2743 186 2804 sed
224 2741 298 2805 mali
330 2740 421 2804 inviti
449 2740 648 2824 delinquent,
693 2758 795 2821 neque
823 2738 979 2801 malorena
1005 2739 1144 2824 quisque.

128 2843 212 2908 liber
233 2845 313 2922 erit,
337 2847 393 2910 sed
419 2843 481 2912 soli
502 2842 580 2906 boni
603 2840 778 2934 probique..
818 2841 875 2906 Dii
891 2849 972 2905 ver'o
991 2843 1135 2926 puniunt,

128 2969 195 3010 non
220 2959 257 3010 ut
284 2969 405 3031 poenas
425 2947 510 3029 ipsas
539 2943 600 3016 sibi
631 2943 838 3008 constituant·
854 2943 972 3024 finem,
1010 2958 1064 3009 aut
1099 2966 1139 3010 eo

129 3062 321 3115 convertant
344 3053 497 3126 animum,
532 3050 588 3112 sed
612 3060 647 3112 ut
672 3047 784 3112 delicta
807 3048 985 3134 corrigant.
1029 3050 1138 3130 Quan-

129 3154 302 3237 doquidem
331 3143 414 3218 euim
443 3153 515 3216 fieri
545 3173 610 3214 non
644 3162 792 3234 poterat,
841 3164 878 3216 nt
907 3173 1041 3234 prorsus
1075 3173 1139 3216 non

128 3270 277 3340 peccaret
299 3259 416 3334 homo,
440 3255 495 3340 qui
516 3254 559 3318 ita
576 3265 645 3318 erat
669 3267 871 3337 comparatus
897 3267 991 3339 atque
1017 3277 1035 3319 e
1058 3254 1137 3320 divi·

127 3381 170 3424 na
189 3371 222 3423 et
244 3358 360 3424 caduca
381 3357 501 3425 naturis
523 3357 737 3441 compositus,
772 3361 828 3422 scd
857 3359 991 3420 debebat
1013 3357 1137 3442 quidem

128 3463 299 3548 aliquando
324 3455 496 3528 secundum
521 3462 554 3526 id
575 3463 664 3545 quod
691 3472 759 3525 erat
786 3461 818 3525 in
846 3461 917 3542 ipso
940 3459 1078 3524 divinum
1100 3463 1139 3524 ad

128 3579 289 3652 cognatae
325 3579 456 3630 naturae
487 3565 691 3630 imitationem
724 3564 895 3638 excitatus,
934 3565 1017 3628 bene
1043 3585 1138 3650 agere

130 3669 306 3754 vivereque
338 3671 447 3746 beate,
488 3667 644 3732 interdum
676 3687 755 3732 vero
789 3687 808 3731 a
842 3677 953 3732 natura
986 3670 1136 3750 abreptus

128 3773 262 3836 mortali
291 3773 353 3838 alio
386 3775 523 3857 quodam
555 3769 696 3835 subsidio
728 3769 842 3834 iuvari.
907 3771 1000 3836 Hanc
1037 3769 1137 3852 ipsam

127 3875 365 3946 correctionem
393 3875 447 3944 Dii
471 3895 644 3960 poenarum
673 3895 734 3957 ope
757 3865 946 3952 effecerunt,
983 3885 1017 3938 ut
1038 3873 1136 3938 bomo
1216 3941 1219 3948 ,
