2694 4508
1084 293 1125 362 39

114 448 306 514 lantibus
337 447 473 533 aliqua
508 450 641 532 possit
674 465 839 534 praeter
871 457 995 540 ipsam
1030 482 1127 526 con.

109 553 379 620 saltationem
418 551 534 616 nobis
576 555 797 622 redundare
833 559 1019 641 utilitas,
1067 566 1124 628 si.

113 658 278 744 quidem
299 659 346 720 de
369 655 459 720 aliis
483 657 606 720 nehus
623 651 1009 744 quaspraediximus
1025 691 1126 734 eoo-

115 764 324 828 sultantes
347 759 448 824 nihil
469 761 673 826 lucramur
694 778 861 847 praeter
881 772 1006 834 solam
1028 794 1125 838 con·

111 866 381 934 saltationem
405 862 451 949 l³),
495 862 581 944 Quid
597 865 697 950 igitur
714 880 779 947 est,
805 875 893 954 quod
908 894 951 936 ex
964 877 1124 940 consulta·
1219 871 1222 884 ’

112 971 200 1038 tione
222 973 319 1036 datur
338 965 488 1051 assequi?
520 967 618 1048 Quod
639 991 709 1034 oum
728 970 777 1036 ius
797 974 936 1058 optionis
954 979 1123 1046 habeamus
1155 1026 1160 1043 ,

112 1075 198 1140 circa
209 1076 354 1160 moda,
378 1070 412 1134 id
426 1073 515 1154 quod
528 1091 593 1136 non
603 1072 804 1154 fecissemus,
822 1076 882 1142 nisi
893 1063 1123 1146 eondidtatione

109 1177 295 1246 remmus
312 1174 383 1252 usi,
408 1175 535 1258 (nempe
557 1174 630 1258 quia
652 1177 823 1264 egissemus
845 1180 930 1244 aliud
951 1181 1036 1266 quid.
1051 1183 1123 1250 viso
1185 1168 1192 1186 ’

107 1303 170 1348 nos
198 1278 327 1345 ferienti
348 1279 531 1344 obedientes
543 1279 570 1360 ,)
591 1301 675 1344 nune
696 1281 735 1346 id·
747 1285 835 1366 quod
857 1283 973 1351 nationi
996 1284 1122 1350 videtur
1246 1283 1250 1294 “

110 1383 305 1468 optabilium,
342 1381 378 1446 id
411 1381 560 1448 swainus
586 1382 769 1470 egimusque
802 1408 880 1470 prae
909 1387 966 1454 illo
1004 1389 1120 1457 altero.

108 1488 200 1569 (luae
225 1487 333 1552 omnia
355 1497 443 1550 reete
463 1488 660 1567 procedunt,
684 1487 796 1553 sinon
818 1489 922 1556 omnia
943 1513 985 1554 ex
1009 1511 1121 1556 neees-

106 1590 199 1658 sitate
227 1589 367 1677 agimus.
426 1589 523 1670 Quod
544 1587 572 1652 si
593 1611 723 1676 agamus
748 1604 862 1656 onoma
891 1615 972 1677 quae
996 1593 1118 1680 agimus
1158 1679 1160 1688 y
1218 1666 1220 1672 ,

104 1719 145 1760 ex
166 1694 273 1760 musis
293 1691 506 1778 antegressis,
528 1690 573 1754 ita
586 1704 622 1756 ut
641 1693 726 1758 nulla
748 1694 841 1760 nohis
859 1695 900 1760 sit
920 1707 1062 1779 potestas
1078 1699 1118 1762 ad

105 1801 272 1886 agendum,
291 1794 345 1860 vel
362 1817 426 1861 non
452 1796 629 1880 agendum,
666 1798 722 1860 sed
744 1797 869 1861 delinita
885 1798 956 1883 lege
974 1798 1007 1862 id
1020 1821 1118 1862 unum

103 1925 259 1990 agamus,
285 1903 374 1990 quod
384 1901 539 1984 agendum
554 1897 647 1962 nohis
663 1909 732 1978 est,
757 1899 827 1982 pari
840 1902 937 1964 modo
953 1921 1018 1985 quo
1033 1901 1117 1984 ignis

105 2004 251 2074 ealefacit
266 2015 301 2066 et
317 2002 396 2085 lapis
412 2004 564 2066 deorsum
575 2001 698 2078 sertin,
733 2014 766 2065 et
779 2001 940 2082 oylindrns
956 2002 987 2068 in
1003 2003 1117 2072 declivi

105 2110 268 2184 volvitur,
309 2104 451 2190 quidest
476 2106 564 2188 quod
585 2107 625 2168 ad
644 2107 799 2190 agendum
822 2127 863 2169 ex
884 2107 1115 2174 considtationo

103 2215 178 2296 plns
204 2231 301 2295 qnam
338 2219 408 2272 ante
434 2206 646 2272 habebimus?
679 2210 761 2272 Nam
782 2211 966 2293 quod-ante
986 2222 1115 2294 eaptuna

107 2313 275 2380 eonsilium
289 2332 415 2378 eramus
429 2309 566 2386 laetum,
601 2311 633 2374 id
650 2311 753 2394 ipsum
766 2323 802 2376 ut
816 2325 890 2394 post
912 2311 1113 2378 deliberatio-

105 2441 178 2483 nem
196 2437 328 2503 agamus
349 2435 478 2478 necesse
500 2424 566 2478 est:
601 2437 698 2498 quare
719 2437 761 2478 ex
787 2414 1017 2480 consultatione
1036 2415 1113 2480 nihil

104 2525 144 2585 ad
164 2543 226 2588 nos
248 2518 384 2595 redibit,
412 2529 541 2601 praeter
558 2519 621 2582 hoo
642 2516 745 2598 ipsum
767 2518 959 2580 consultare.
1004 2517 1111 2602 Atque
1188 2501 1191 2508 ¹

104 2648 175 2690 eum
200 2626 266 2688 hoo
286 2622 392 2706 ipsum
411 2621 517 2685 lacere
539 2619 696 2701 possimus
715 2617 806 2682 etiam
831 2621 869 2680 de
886 2617 923 2682 iis
946 2641 1025 2704 quae
1046 2641 1111 2689 non

104 2741 177 2792 nmt
198 2739 329 2792 nostrae
350 2723 533 2808 potestatis,
558 2725 596 2785 de
611 2721 656 2786 eis
674 2721 706 2784 id
725 2720 921 2806 defugimus,
945 2733 979 2785 ut
992 2743 1110 2805 super·

104 2853 252 2896 vaceium.
298 2825 422 2892 Inutilis
441 2847 521 2910 ergo
539 2824 645 2910 ¹omnis
664 2823 854 2890 consultatio
873 2824 964 2888 etiam
987 2847 1058 2888 eum
1073 2845 1110 2890 ea

101 2948 251 3020 tanquam
283 2928 426 2996 utilitatis
463 2928 579 3012 aliquid
620 2927 713 2992 nobis
752 2925 934 3009 praebitura
977 2927 1108 2992 utimur.

103 3040 195 3104 Unde
221 3056 327 3120 porro
351 3031 493 3116 sequitur
517 3033 637 3096 liustra
659 3053 676 3094 a
705 3042 816 3094 nauita
846 3051 904 3096 nos
933 3031 976 3095 ita
1004 3031 1107 3094 laetos

103 3153 138 3204 nt
162 3135 363 3210 eonssdtandi
390 3137 558 3199 habeamus
587 3135 780 3198 facilitatem.
838 3133 899 3198 His
924 3133 951 3198 si
976 3135 1107 3196 addatur

104 3246 192 3327 qnod
213 3253 286 3318 est,
310 3250 344 3303 et
364 3237 416 3302 isti
430 3239 591 3315 latentur,
616 3248 647 3301 et
668 3236 851 3322 philosophi
875 3257 955 3318 pene
981 3256 1103 3314 omnes,

100 3345 178 3410 nihil
202 3367 221 3410 a
242 3354 356 3412 natura
372 3341 491 3404 lnistra
511 3340 599 3418 fieri,
637 3341 766 3404 tolletur
788 3363 829 3406 ex
843 3360 883 3402 eo
900 3337 932 3401 id
955 3341 1041 3422 quod
1062 3361 1105 3402 ex

98 3449 243 3533 ipsorum
265 3444 357 3510 dictis
371 3443 505 3508 infertur
518 3444 638 3508 frustra
646 3465 710 3516 nos
725 3447 765 3508 ad
779 3440 1016 3506 consultandum
1033 3463 1102 3508 esse

101 3565 205 3636 aptos.
252 3551 292 3614 ld
312 3559 416 3612 autem
441 3551 526 3613 recte
545 3547 694 3625 insertur,
719 3547 746 3612 si
767 3545 799 3610 in
824 3565 862 3608 ea
882 3563 962 3628 quae
980 3549 1102 3630 agenda

99 3667 187 3732 sumt,
226 3675 294 3720 non
321 3650 355 3716 id
381 3651 429 3716 ius
457 3653 625 3716 habeamus
638 3697 647 3731 ,
661 3721 670 3732 ,
686 3661 720 3714 ut
741 3646 898 3733 possimus
919 3647 1025 3716 lacere
1048 3649 1101 3716 vel

97 3759 158 3822 hoo
178 3756 233 3821 vel
254 3755 323 3820 eius
345 3754 549 3822 monadum.
991 3763 993 3767 ’

112 3898 143 3970 ⁴)
163 3899 240 3953 Vide
258 3905 355 3951 notas.
