2694 4508
1041 383 1083 448 19'

54 543 214 625 sacoma,
247 541 282 612 id
303 555 353 609 est
375 535 498 609 caldra.
543 545 658 611 Ferme
679 548 761 613 enim
778 541 913 634 ¹‹prippe
943 547 1079 617 namrali

53 651 205 718 fabricae
227 661 263 715 et
284 647 485 734 dispositioni
513 662 742 718 consentaneos
771 653 878 718 videas
908 666 996 719 actus
1026 655 1097 720 vi-‚

52 767 173 840 usque
196 767 230 820 et
254 753 373 818 exitus.
416 755 500 820 Nam
520 764 552 818 et
580 754 609 818 ei
638 755 693 839 qui
713 768 824 820 nabun
847 757 888 822 sit
917 758 1078 824 violentus

54 869 90 924 et
116 857 342 942 periculorum
374 879 497 934 anneus,
535 860 618 923 solet
651 871 683 924 et
711 857 798 924 mois
826 882 895 925 esse
924 845 1077 927 violenta.
1118 919 1120 928 .

56 963 137 1028 Hoc
159 962 246 1026 euim
268 973 401 1026 naturae
422 961 521 1024 satum
543 950 627 1026 ests
662 962 716 1028 Sic
744 963 790 1040 ei,
830 964 884 1048 qui
904 978 1016 1030 nanus
1038 967 1079 1032 sit
1135 1041 1142 1050 δ

57 1063 303 1150 intemperans,
351 1064 447 1129 fatale
481 1085 541 1147 per
579 1087 631 1129 eas
664 1089 742 1150 quas
779 1079 861 1132 amat
898 1069 1078 1152 voluptates

57 1168 232 1246 enervari,
274 1168 337 1232 nisi
368 1167 478 1232 melius
512 1168 658 1252 quiddam
697 1170 923 1253 superveniens
956 1193 1027 1236 eum
1059 1195 1079 1238 a

58 1272 204 1340 naturali
230 1283 313 1336 statu
342 1272 526 1336 transierat.
567 1272 720 1338 Patientis
738 1293 819 1340 vero
839 1273 959 1361 ingenii
978 1276 1082 1340 samm

60 1387 114 1442 est
144 1378 245 1440 diuos
271 1377 401 1440 labores
435 1388 466 1439 et
498 1379 631 1440 adversa
662 1377 749 1440 serre
783 1389 815 1441 et
843 1377 876 1442 in
903 1378 953 1442 bis
982 1378 1080 1446 vitam

59 1479 170 1544 linire.
199 1479 319 1546 Avaris
342 1499 423 1545 vero
446 1489 477 1542 et
499 1479 583 1544 circa
604 1481 838 1562 possessionem
859 1503 966 1546 rerum
994 1482 1078 1548 uisa-

60 1581 226 1648 modom
247 1583 357 1650 fatalia
379 1595 473 1660 sunt,
512 1603 594 1667 quae
622 1583 738 1646 talibus
761 1584 903 1649 moribus
927 1587 1078 1650 eonveni-
1148 1607 1152 1614 ·

63 1697 140 1754 uti
178 1687 372 1772 plerumque
406 1685 487 1752 enim
515 1687 547 1750 in
577 1685 753 1750 actionibus
775 1686 896 1750 iniustis
926 1688 1081 1756 eiusmodi

64 1790 230 1856 bominum
252 1790 319 1856 vila
345 1801 508 1867 versuum,
532 1789 678 1873 soletque
704 1789 788 1854 vitae
816 1788 886 1854 finis
913 1791 958 1854 eis
987 1813 1079 1870 esse,

68 1895 173 1978 qualis
194 1894 318 1959 iniustis
345 1893 507 1958 convenit.
553 1893 645 1958 Unde
667 1903 699 1955 et
720 1891 783 1955 dici
804 1895 844 1956 de
861 1893 975 1956 talibus
998 1893 1081 1978 solet

65 1998 124 2063 ubi
147 1999 181 2062 in
199 2020 237 2063 ea
260 1997 425 2073 cecidere,
450 1995 636 2081 quaesitae
662 1994 719 2059 idi
739 1997 955 2078 respondent,
979 1996 1013 2059 id
1033 2010 1081 2062 est

67 2099 99 2164 in
115 2103 226 2168 fatalia
249 2103 355 2177 mala,
392 2101 481 2182 ipsos
503 2099 577 2163 illos
596 2095 658 2164 sibi
679 2099 786 2162 talium
804 2099 960 2166 malorum
982 2099 1094 2176 luisse,

68 2227 190 2270 causas.
238 2205 292 2270 Sic
312 2216 487 2288 propterea
508 2203 535 2266 si
557 2201 626 2286 quis
653 2213 803 2265 excutere
825 2203 901 2266 velit
923 2225 1001 2282 eos,
1026 2205 1081 2288 qui

67 2307 292 2374 imminentium
309 2306 558 2391 praedictionem
571 2305 773 2387 pollicentur,
799 2305 837 2368 de
853 2327 893 2370 eo
912 2310 1000 2390 quod
1015 2329 1081 2372 non

69 2431 198 2496 semper
214 2411 296 2474 dicta
316 2412 435 2494 probat
458 2420 608 2486 eventus,
632 2427 758 2471 causam
780 2409 856 2472 dicit
881 2431 969 2488 esse,
995 2412 1082 2493 quod

70 2535 132 2580 non
150 2515 259 2580 omnia
275 2515 450 2578 secrmdum
468 2524 611 2576 canuam
629 2523 660 2574 et
678 2511 779 2576 satum
794 2513 950 2595 cuiusque
963 2533 1081 2595 proce·

71 2619 162 2697 dunt,
197 2621 256 2684 sed
276 2619 432 2702 quaedam
454 2615 549 2682 etiam
569 2627 699 2697 praeter
722 2613 783 2678 ista
804 2613 971 2690 eveniunt3
1013 2631 1082 2680 esso
1130 2613 1132 2617 ’

72 2733 252 2785 verovetes
263 2733 300 2784 ut
313 2732 346 2783 et
357 2739 413 2784 eos
432 2719 545 2803 quiex
566 2739 741 2801 corporum
760 2727 892 2800 aspectu
903 2719 942 2780 de
955 2717 1084 2784 homine

73 2823 217 2902 iudicent,
230 2823 467 2910 significaturos
483 2841 593 2886 eornm
608 2843 688 2905 miae
697 2821 780 2884 Fato
792 2821 884 2885 liunt.
905 2805 998 2888 ⁴Inter
1010 2821 1084 2886 illos

74 2945 113 2990 ex
132 2927 282 3012 corporis
305 2937 439 3006 aspectu
460 2925 634 2988 divinantes
659 2924 719 2989 fuit
737 2925 911 3018 Zopyrus,
936 2925 990 3010 qui
1013 2947 1084 2990 cum

76 3043 202 3114 aspecto
229 3031 367 3094 Socrate
389 3029 485 3092 midta
508 3030 546 3091 de
576 3025 757 3098 codieeret
786 3027 975 3106 inhonesta,
1014 3040 1045 3092 et
1067 3049 1086 3092 a

78 3131 156 3198 ritae
178 3134 247 3200 eins
275 3131 423 3200 instituto
454 3129 663 3208 alienissima,
700 3141 731 3194 et
753 3133 796 3195 ob
817 3131 850 3193 id
873 3133 913 3194 ab
936 3131 1085 3194 adstanti·

76 3235 134 3300 bos
155 3235 318 3320 decipulis
343 3233 484 3299 Socratis
507 3232 715 3310 irrideremur,
742 3235 891 3298 Socrates
906 3231 983 3302 nihil
998 3253 1085 3296 men.

77 3337 166 3406 litum
197 3361 265 3406 esse
296 3337 378 3402 dixit
406 3339 596 3419 Zopyrum
638 3357 711 3400 uam
738 3357 773 3400 se
801 3348 913 3404 natura
943 3333 1085 3400 luturiun

80 3439 172 3508 icisse
194 3445 302 3520 telem,
326 3437 388 3503 nisi
408 3451 539 3506 onisirae
561 3437 669 3502 vitium
692 3439 862 3523 sapientiae
884 3436 989 3502 studio
1010 3459 1084 3502 cor·

80 3547 219 3612 musici.
243 3549 289 3612 Et
311 3547 392 3608 baec
412 3541 539 3627 quidem
560 3542 591 3608 in
613 3565 733 3608 summa
762 3541 897 3608 Scholae
919 3541 1085 3626 Peripate·

80 3647 154 3718 liene
175 3653 215 3716 de
238 3651 325 3718 Fato
348 3645 500 3712 sententia
521 3657 581 3710 est.

24 3801 25 3808 ,
540 3749 624 3812 Vll.

26 3919 27 3934 ,
141 3855 298 3940 Apertior
327 3863 431 3916 aulem
460 3851 521 3914 erit
552 3849 613 3916 inin
642 3850 799 3917 dictorum
827 3849 924 3926 fides,
958 3847 985 3914 si
1011 3861 1086 3932 posi

87 3977 186 4024 eorum
209 3979 292 4045 quae
317 3953 510 4019 defendimus
533 3953 754 4038 probationem
782 3953 1006 4034 subiungnrnus
1029 3955 1086 4014 ab·
