2718 4506
324 1017 1160 1164 rauno1scrv1oaa1

452 1241 456 1250 '
708 1241 732 1294 E
757 1237 782 1292 ‘l’

440 1365 661 1462 enticius
680 1365 1052 1436 nunornalouas

279 1471 283 1480 '
367 1524 426 1582 ,ΙΝ
457 1524 723 1584 FRAGMENTUM
753 1527 984 1584 BARDESANIS
1016 1527 1109 1584 SYRI.

635 1714 857 1730 m

268 1871 303 1954 l)
332 1872 407 1939 ΕΚ
430 1868 541 1940 ΤΩΝ
557 1871 887 1941 ΒΑΡΔΙΣΑΝΟ
900 1869 947 1954 tt]
984 1873 1079 1938 Alter
1105 1893 1147 1939 ex
1175 1873 1246 1940 Ma·

312 1990 436 2039 neser.
452 1970 675 2065 Βαρδησάνου
697 1992 756 2057 per
777 2001 815 2057 η,
840 1998 920 2060 quae
949 1977 1149 2043 communior
1172 1977 1249 2042 scri·

331 2090 425 2160 ptura
449 2089 508 2143 est.
554 2075 590 2141 S.
607 2077 802 2161 Epiphanius
823 2079 1010 2146 haeresi'.86
1034 2081 1100 2165 (qsri
1120 2081 1195 2145 alias
1210 2082 1251 2146 56

332 2176 548 2272 Βαρδισοὲνην
566 2193 678 2257 vocat,
704 2181 832 2268 eiusque
847 2195 1019 2249 sectatores
1035 2185 1252 2278 Bapdsoeors·

265 2281 267 2288 ⁴
335 2279 439 2364 στάς.)
493 2281 612 2349 Notior
644 2284 670 2348 is
708 2291 776 2361 est,
811 2308 903 2370 quam
934 2295 970 2350 ut
998 2283 1067 2350 luce
1100 2286 1250 2373 indigeat.

308 2415 310 2419 ·
335 2387 561 2474 Fragmentum
581 2387 633 2452 hic
654 2385 751 2451 hahes
774 2388 996 2473 elegantissimi
1011 2401 1042 2453 et
1056 2390 1251 2454 accuratissi·

308 2542 311 2553 .
335 2491 378 2553 mi
401 2490 525 2574 operis,
550 2492 637 2574 quod
659 2493 810 2555 adversus
826 2492 962 2555 Abidam
977 2491 1192 2578 Astrologum
1206 2493 1254 2558 vir

335 2589 465 2674 Syriaca
499 2594 687 2678 Graecaque
719 2593 825 2678 lingua
855 2595 1082 2660 eruditissimus
1111 2597 1253 2661 elabora·

335 2696 399 2772 vit,
433 2710 468 2760 ut
491 2697 601 2762 scribit
623 2695 832 2780 Epiphanius.
883 2695 1020 2762 Librum
1052 2697 1254 2782 inscripserat

337 2798 521 2876 Antonino,
546 2812 581 2863 ut
602 2798 759 2864 Eusebius
782 2799 907 2865 Histor.
924 2795 1051 2864 Eccles‘.
1075 2801 1175 2864 Libr.
1190 2801 1253 2865 IV.

337 2899 421 2983 Cap.
451 2903 511 2965 ult.
542 2914 653 2967 auctor
684 2913 744 2967 est.
802 2891 997 2968 Antoninum
1028 2925 1156 2985 porro,
1193 2925 1254 2967 non

339 3004 450 3081 Pium,
474 3005 530 3067 sed
544 3005 667 3068 Verum
689 3005 849 3090 intellige,
872 3017 908 3068 nt
922 3005 1033 3068 scribit
1048 3005 1255 3088 Epiphanius.

341 3108 486 3171 Eundem
507 3106 723 3188 Hieronymus
742 3108 837 3200 Libr.
861 3105 1130 3191 descriptoribus
1146 3109 1256 3172 Eccle-

341 3209 494 3289 siasticis,
528 3209 579 3274 vir
600 3211 756 3274 masculae
778 3208 931 3273 dictionis·
943 3208 1038 3273 iudex
1067 3210 1254 3286 acerrimus,

339 3333 404 3378 non
425 3311 586 3396 praedicat
608 3315 722 3388 modo,
746 3315 803 3375 sed
824 3310 916 3376 etiam
938 3311 1082 3375 miratur.
1120 3313 1167 3377 At
1190 3335 1257 3378 eum
1290 3376 1293 3382 .

340 3414 392 3480 ille
415 3415 583 3481 vehemens
607 3416 685 3479 adeo
708 3413 804 3479 leserit
819 3414 892 3477 Fati
906 3426 1127 3499 oppugnator,
1152 3437 1258 3499 quem·

339 3521 505 3583 admodum
523 3519 604 3601 apud
618 3518 659 3580 Β.
674 3516 890 3601 Augustinum
904 3516 1030 3581 haeresi
1044 3519 1084 3583 35
1099 3516 1259 3601 irrepserit

340 3621 470 3697 nescio,
508 3621 593 3684 hunc
624 3621 663 3682 ad
684 3618 846 3682 Valentini
876 3640 1003 3683 errores
1033 3619 1201 3686 addidisse
1222 3619 1259 3685 de

219 3752 220 3756 ¹
343 3745 424 3802 suo,
459 3733 496 3806 ut
518 3724 604 3785 Fato
633 3717 839 3786 adscriberet
867 3721 1136 3785 conversationes
1157 3720 1258 3782 homi·

346 3843 437 3884 num.
466 3821 529 3884 Sed
545 3821 637 3884 Msti.
653 3819 749 3885 ¹Codd
772 3821 939 3883 clausulam
956 3818 1046 3884 istam
1062 3831 1255 3905 expungunt.

339 3922 424 3986 Huic
457 3944 558 4006 porro
592 3923 778 3988 Bardesanis
816 3921 1017 4006 disputationi
1051 3920 1175 4006 gemina
1208 3920 1256 3984 illa
