2748 4514
998 375 1000 382 (
1097 310 1147 374 87,

132 478 272 542 similiter
296 487 354 538 aut
377 473 469 540 etiam
491 477 553 540 hoc
575 477 706 558 amplius
734 479 907 544 laceremus
931 461 1014 547 droa
1038 483 1137 546 virtu-

132 595 201 657 tes,
224 581 252 644 ai
278 577 441 662 aliquibus
464 599 482 640 a
503 589 614 642 natura
635 583 796 646 adessent:
820 583 964 649 nimirum
986 585 1066 648 sicut
1088 587 1136 650 fa·
1166 649 1167 657 ,

131 685 227 748 dinus
249 703 335 768 erga
358 681 460 744 Deos.
519 680 600 747 Cum
625 684 757 748 veroid
784 686 854 748 lieri
881 701 1040 771 nequeat,
1079 712 1137 754 nee

131 789 165 850 id
185 787 274 870 quod
303 784 377 850 lieri
408 783 516 866 nequit
538 806 555 846 a
577 795 687 849 natura
718 788 940 870 requirendum
972 775 1014 856 sit
1050 793 1138 874 lipsa

134 889 212 954 enim
233 887 303 954 eius
329 889 419 970 quod
439 887 508 950 fieri
529 901 635 969 potest
658 902 710 952 aut
738 912 804 956 non
831 905 959 974 potest,
994 918 1138 962 mensura

132 1005 188 1069 est,
212 993 320 1058 virtus
336 991 462 1074 quidem
478 993 705 1056 consummatio
728 1005 775 1058 est
797 1007 828 1056 et
849 977 1029 1079 supremum
1048 1003 1137 1082 ,quod

133 1097 286 1180 cuiusque
337 1105 450 1158 natura
494 1094 665 1178 pertingit)
708 1096 779 1162 fieri
825 1110 937 1164 atuem⁴
959 1101 1066 1183 nequit
1101 1115 1136 1166 ut

129 1203 218 1284 quod
245 1200 431 1262 inchoatum
467 1211 514 1261 est
546 1211 682 1274 tantum,
720 1201 1020 1264 consummationem
1048 1226 1135 1268 suam

129 1305 268 1366 babeat:
301 1303 487 1365 inchoatum
522 1313 623 1365 autem
656 1303 802 1386 quiddam
837 1316 884 1368 est
906 1305 1041 1388 quidque
1064 1330 1134 1372 oum

128 1406 267 1488 primum
281 1405 439 1479 nascitur,
465 1405 606 1487 sequitur
626 1417 662 1468 ut
683 1391 784 1470 virtus
806 1430 878 1470 curn
899 1409 1025 1474 homine
1048 1411 1134 1476 nasci

127 1521 276 1593 nequeat.
327 1509 376 1572 At
403 1529 466 1570 uon
494 1519 595 1570 tamen
625 1521 736 1572 natura
763 1510 839 1574 nihil
868 1513 908 1574 ad
935 1512 1025 1574 huius
1054 1514 1133 1578 boni

127 1613 331 1695 adeptionem
355 1611 491 1674 confert.
543 1611 607 1674 Sed
627 1613 721 1676 habet
744 1616 782 1674 ab
804 1613 874 1694 ipsa
894 1601 1130 1696 homoeptitn-

126 1716 230 1779 ffinem
252 1728 284 1778 et
306 1715 510 1790 sacriltatem,
542 1736 600 1794 per
622 1737 713 1797 quam
736 1715 879 1798 accipere
902 1716 1049 1782 virtutem
1062 1741 1130 1800 ‚po-

125 1831 189 1882 test
199 1865 216 1896 ,,
233 1839 315 1901 quae
330 1816 473 1898 aptitudo
490 1817 566 1879 nulli
582 1817 757 1882 aliitributa
771 1830 818 1880 ost
833 1819 990 1882 animanti.
1014 1823 1057 1882 Et
1067 1823 1132 1886 hoc
1167 1853 1169 1857 ¹

126 1935 177 1984 εει
191 1922 223 1984 in
238 1941 303 2004 quo
316 1923 416 1984 homo
434 1943 452 1982 a
467 1921 597 1983 caeteris
612 1919 815 1982 animantibus
828 1921 1011 1997 naturaliter
1022 1909 1129 2000 distat,

127 2047 200 2088 mun
210 2025 243 2086 in
258 2023 365 2087 multis
381 2023 553 2086 commodis
569 2026 608 2084 ad
623 2044 739 2103 corpus
758 2023 984 2104 pertinentibus
1007 2026 1047 2086 ab
1062 2026 1130 2088 ani·

125 2129 285 2192 mantibus
301 2127 369 2190 aliis
386 2126 540 2188 vincatur.
565 2126 660 2206 Quod
673 2127 701 2189 si
715 2129 796 2190 hanc
811 2127 1012 2208 aptitudinem
1029 2128 1129 2191 virtu-

126 2245 195 2294 tum
218 2252 366 2312 capacem
389 2230 435 2292 sic
456 2229 681 2311 accepissemus
704 2253 721 2292 a
750 2241 881 2305 natura,
919 2243 954 2292 ut
975 2211 1129 2312 pro'cessn

129 2334 241 2398 aetatis
258 2331 536 2396 consummationes
550 2332 642 2406 facti,
667 2333 709 2395 ita
724 2355 791 2396 cam
814 2334 1026 2414 acciperemus
1048 2334 1129 2398 siunt

129 2439 193 2500 vim
209 2435 397 2511 minutiandi,
411 2436 491 2498 sicut
499 2439 617 2510 dentes,
635 2436 715 2498 sient
727 2439 856 2498 barbam
869 2436 1050 2518 accipimus,
1075 2450 1128 2499 aut

125 2543 186 2604 alia
207 2559 291 2623 qnae
313 2537 405 2601 nobis
428 2561 486 2620 per
507 2551 648 2601 naturam
670 2538 911 2619 superveniunt,
937 2560 975 2600 nc
997 2537 1042 2600 sic
1057 2539 1127 2621 qui-

126 2649 200 2706 dem
226 2643 260 2704 in
286 2653 395 2706 nostra
426 2653 583 2724 potestate
613 2655 715 2704 essent
748 2641 901 2716 virttttes,
940 2663 1005 2703 non
1027 2643 1130 2726 tnagis

127 2757 218 2810 certe
246 2765 341 2826 ψιειιι
369 2745 421 2808 illa
451 2765 531 2827 quae
558 2744 617 2806 iam
640 2744 882 2828 designavimus.
927 2743 1022 2806 Nunc
1049 2765 1129 2809 vero

126 2871 192 2914 nou
215 2849 279 2912 isto
302 2851 396 2912 modo
414 2847 552 2924 ¹virtutes
575 2847 785 2927 adipiscimur.
831 2847 980 2929 Alioquin
1003 2849 1029 2910 si
1051 2871 1128 2929 pru-

124 2953 233 3018 dentia
254 2963 287 3014 et
310 2952 410 3014 omnis
433 2951 532 3013 virtus
555 2949 615 3012 alia
635 2949 754 3014 homini
772 2961 912 3033 cognata
934 2964 1038 3026 esset,
1060 2974 1127 3014 ·eas

127 3071 180 3122 eut
201 3077 314 3122 omnes
343 3054 485 3118 homines
514 3065 566 3114 aut
594 3053 737 3136 plerique
765 3065 1053 3136 consequerentur,
1093 3067 1129 3114 ut

128 3162 187 3224 alia
208 3172 341 3222 naturae
364 3161 465 3231 bona;
499 3179 561 3218 uon
584 3156 684 3219 solam
707 3154 931 3236 aptitudinem,
966 3159 1021 3218 scd
1043 3155 1126 3235 ipsas

128 3265 221 3330 et'um
242 3263 379 3328 virentes
402 3271 511 3322 natura
533 3260 718 3322 haberemus
746 3262 887 3341 adeoque
914 3259 1015 3320 nullus
1046 3272 1128 3322 esset

127 3380 182 3432 aut
202 3361 436 3430 laudationibus
459 3376 512 3425 aut
544 3361 826 3444 vituperationibus
854 3365 965 3435 locus,
1004 3383 1074 3424 cum
1096 3375 1130 3424 et

124 3473 156 3536 ia
180 3469 352 3534 virtutibus
375 3478 406 3528 ct
427 3465 458 3528 in
481 3465 563 3528 vitiis
594 3489 651 3530 cur
676 3467 708 3529 in
740 3464 866 3530 bomine
898 3467 1001 3526 essent
1033 3485 1127 3530 carisa

126 3587 155 3638 et
177 3574 275 3660 origo
298 3593 340 3638 ex
362 3571 465 3634 divina
487 3575 617 3652 qttadam
639 3582 720 3633 esset
748 3581 871 3632 natura.
929 3568 973 3632 At
996 3570 1127 3668 veroid

125 3697 188 3742 non
210 3688 280 3753 est,
304 3696 407 3758 neque
429 3674 510 3738 cuim
532 3686 593 3736 aut.
607 3695 714 3738 omnes
737 3685 789 3736 aut
811 3672 963 3754 plurimos
985 3673 1126 3736 videmus

126 3785 164 3844 ad
185 3779 546 3860 virtutempervenire,
584 3780 670 3860 quod
699 3777 820 3858 signum
844 3788 890 3838 est
913 3798 1125 3858 eorumquae

125 3903 165 3948 ex
186 3896 301 3950 natitra
322 3883 412 3960 liunt,
437 3884 494 3946 sed
515 3883 644 3946 multum
667 3891 713 3944 est
736 3880 762 3943 si
782 3902 861 3944 unus
885 3879 994 3963 aliquis
1016 3881 1048 3944 id
1070 3881 1124 3942 ad·
