2748 4514
1120 323 1179 387 123

169 485 308 568 testate,
352 492 430 572 (nisi
463 493 532 574 quis
561 490 636 553 velit
665 489 791 555 omnino
820 489 968 575 quicquid
1000 493 1039 560 ab
1073 493 1187 574 aliquo·

171 600 349 662 secundum
373 617 459 657 suam
480 606 623 658 naturam
638 593 691 667 fit,
726 593 828 656 dicere
855 616 922 658 esse
944 595 974 656 in
998 595 1063 658 eius
1085 608 1177 676 pote-

174 712 274 776 state,
299 699 449 762 inducens
470 719 585 760 novam
607 695 865 780 significationem
888 697 953 760 eius
976 701 1061 780 quod
1078 711 1124 760 est
1146 698 1177 760 in

175 815 353 886 potestate,
383 800 538 862 diversam
560 802 603 861 ab
625 821 662 861 ea
684 819 764 882 quae
789 799 947 875 creditur,
983 822 1124 883 quaeque
1147 802 1177 863 in

176 905 345 986 anticipata
360 915 408 969 est
423 901 589 984 opinione,
614 923 706 984 quam
722 923 779 967 nos
798 903 879 964 hauc
893 902 1039 978 dicimus,
1063 905 1180 966 habere

177 1029 234 1072 uos
257 1008 436 1070 libertatem
458 1005 489 1068 in
515 1007 612 1067 rebus
646 1005 757 1088 agendi
783 1004 959 1083 contraria)
989 1019 1118 1087 apparet
1140 1029 1180 1068 ex

175 1109 436 1194 praecedentibus
459 1129 552 1189 saepe
579 1107 706 1170 anobis
727 1119 757 1168 et
775 1107 889 1169 dictum
915 1127 983 1170 esse
1009 1121 1040 1170 et
1060 1112 1186 1190 proba.

175 1225 254 1276 tum.
300 1212 385 1279 Huic
409 1223 512 1274 autem
533 1210 670 1274 sermoni
699 1210 814 1274 similes
839 1223 911 1272 sunt
940 1223 970 1273 et
996 1211 1067 1286 alii,
1099 1233 1179 1294 quos

176 1319 218 1378 ad
246 1315 459 1378 defensionem
487 1314 535 1376 sui
563 1313 716 1397 dogmatis
739 1327 901 1396 promunt.
947 1315 1075 1377 Habent
1099 1315 1179 1376 enim

176 1417 321 1500 plerique
348 1421 502 1500 quandam
531 1415 613 1479 intra
638 1419 736 1479 verba
757 1429 890 1480 stantem
916 1417 1087 1502 argutiam,
1125 1421 1181 1478 sed

176 1540 241 1583 uon
258 1521 351 1583 fidem
368 1521 428 1583 sibi
450 1523 613 1583 adstrurmt
635 1542 675 1582 ex
694 1519 898 1585 consonantia
917 1543 987 1582 eum
1004 1523 1116 1596 rebus,
1141 1523 1178 1582 de
1219 1561 1221 1568 ·

176 1621 290 1707 quibus
308 1623 475 1688 Sermones
496 1623 549 1685 isti
570 1635 641 1684 sunt
664 1622 806 1685 instituti.

592 1725 762 1788 XXXIX.

242 1831 336 1892 Haec
360 1841 448 1904 sunt,
484 1826 664 1890 divinissimi
689 1829 920 1909 Imperatores,
961 1830 1181 1895 Aristotelicas

177 1931 353 1996 sententiae
374 1934 411 1998 de
424 1934 509 1996 Fato
528 1942 559 1993 et
577 1933 615 1992 de
636 1930 779 1993 libertate
799 1931 942 2006 volendi,
964 1944 1000 1994 ut
1025 1955 1087 2018 ego
1113 1934 1182 2016 qui-

178 2039 248 2098 dem
275 2035 431 2112 arbitror,
470 2033 640 2124 praecipu?
665 2033 784 2114 capita,
819 2037 987 2098 secundum
1010 2057 1090 2118 quae
1113 2054 1192 2116 sen.⁴

178 2139 313 2214 tientes,
343 2137 387 2220 pii
407 2138 522 2200 crimus
543 2139 694 2200 adversus
713 2139 820 2212 Deos,
855 2138 969 2219 partim
988 2139 1104 2222 gratias
1124 2139 1183 2204 illis

180 2253 310 2326 agentes
330 2263 391 2322 pro
413 2241 506 2309 bonis
533 2262 613 2322 quae
636 2240 679 2304 illi
708 2240 741 2302 in
765 2261 824 2304 nos
847 2242 1032 2306 contulere:
1069 2243 1182 2323 partim
1255 2289 1257 2296 a

179 2356 347 2427 poscentes
363 2345 421 2408 alia
443 2346 483 2406 ab
501 2344 601 2425 ipsis,
631 2356 667 2406 ut
688 2345 742 2428 qui
764 2343 855 2456 dpndi
872 2356 903 2406 et
924 2366 988 2408 uon
1011 2345 1103 2408 dandi
1124 2345 1184 2407 sint

178 2447 309 2510 domini.
352 2447 480 2510 Erimus
499 2447 591 2509 etiam
615 2449 698 2531 grati
726 2451 876 2510 adversus
895 2470 954 2510 vos
976 2461 1007 2510 et
1026 2448 1184 2529 principes

177 2551 256 2614 tales
274 2551 383 2634 quales
402 2571 463 2612 vos
479 2549 572 2624 estis,
596 2550 742 2631 persuasi
757 2571 794 2612 ea
811 2572 870 2613 vos
883 2571 943 2629 pro
961 2551 1053 2612 nobis
1075 2563 1181 2634 agere,

180 2675 260 2736 quae
290 2675 330 2716 eu
361 2665 473 2718 vestro
505 2651 751 2734 proficiscuntur
777 2653 892 2714 dilectu
921 2653 1119 2731 praeferente
1154 2653 1187 2714 id

179 2758 266 2838 quod
290 2769 336 2820 est
354 2755 464 2820 melius
486 2767 517 2818 et
537 2777 644 2817 curam
666 2767 805 2818 sumente
826 2755 858 2817 id
882 2753 1085 2829 diiudicandi,
1120 2775 1184 2818 non

179 2870 281 2922 auteur
305 2871 425 2922 tractos
453 2857 618 2926 anteiactis
649 2858 833 2940 quibusdam
866 2857 983 2932 causis,
1023 2880 1099 2941 quas
1130 2861 1187 2920 du·

172 2975 282 3058 peptes
299 2961 472 3046 sequamini
489 2959 722 3026 inevitabiliter.
771 2961 989 3040 Impendemus
1009 2962 1101 3024 etiam
1121 2973 1186 3022 stu·

178 3065 261 3128 dium
283 3065 410 3140 virtuti,
449 3077 483 3126 ut
514 3063 567 3146 qui
599 3063 774 3128 libertatem
801 3065 970 3138 hahemus,
1010 3085 1069 3145 per
1095 3083 1188 3142 quam
1227 3143 1231 3152 1

177 3180 232 3229 aut
252 3168 399 3232 meliores
425 3180 479 3230 aut
496 3164 623 3248 peiores
650 3168 829 3230 evadamus.
875 3167 1002 3228 Horum
1029 3163 1110 3226 cnuu
1133 3185 1187 3226 su·

178 3270 340 3334 lnmmodo
365 3270 530 3352 qnisquam
550 3281 581 3330 et
606 3268 771 3345 dominus,
809 3290 890 3352 quae
916 3279 947 3328 et
969 3289 1033 3330 non
1054 3265 1189 3330 faciendi

179 3372 275 3434 habet
293 3371 488 3434 libertatem:
527 3373 570 3434 Et
590 3372 650 3434 alia
668 3371 771 3434 omnia
793 3393 873 3454 quae
892 3392 962 3432 cum
982 3368 1112 3432 rationis
1131 3389 1189 3432 usu

179 3476 325 3560 agimus,
349 3475 391 3552 ita
414 3476 537 3536 demum
565 3496 660 3559 agere
683 3475 763 3536 sicut
785 3484 932 3556 oportet.
956 3473 983 3536 si
1005 3494 1046 3534 ex
1060 3471 1189 3537 Aristo·

180 3579 249 3642 telis
283 3575 438 3642 sententia
472 3597 581 3639 causas
611 3577 770 3640 actionum
802 3578 994 3652 reddamus,
1038 3575 1103 3638 hoe
1143 3588 1189 3638 est

180 3683 267 3766 quod
288 3701 348 3762 per
377 3699 503 3744 omnem
529 3679 614 3741 hunc
634 3700 812 3744 sermonem
838 3691 969 3768 conatus
999 3701 1067 3742 sum
1099 3678 1189 3742 vobis

181 3785 384 3850 ostendere.'

511 3953 864 3978 ffl-
