2790 4512
296 1080 700 1172 Ἀωοσυωιοϊ
725 1083 855 1170 σου
877 1049 1201 1170 ‘EPMEJOY

249 1274 333 1336 'm
367 1285 413 1336 υο
454 1284 522 1335 του
550 1273 851 1335 'mmmm
883 1282 979 1333 nm
1004 1269 1255 1332 ἐσαππτιιε

366 1437 546 1504 ΤΜΗΜΑ
577 1431 832 1503 AEYTEPON
850 1427 1151 1502 ὙΠΟΜΝῙΜΛ.

737 1847 770 1888 α.

320 1941 392 2010 Τῶν
406 1936 464 2011 ἀῦν
482 1941 654 2035 εἰρημένων
674 1943 773 2033 τριῶν
794 1937 996 2020 ἀντιθέσεως
1014 1941 1041 2022 ¹)
1062 1935 1150 2007 κατά
1171 1933 1253 2008 πάνὲ

253 2071 297 2112 τα
313 2041 434 2137 χρόνον
452 2039 571 2133 ὁμοίως
590 2047 731 2134 ἐχουσῶν
751 2043 838 2112 κατά
857 2041 896 2112 τὸ
917 2049 1021 2112 ποιεῖν
1039 2039 1219 2136 ἀντίφασιν
1232 2038 1253 2124 ἢ

252 2145 297 2236 μὴ
323 2153 427 2214 ποιεῖν
438 2199 447 2229 ,
460 2146 537 2226 ,τάς
557 2145 637 2215 καθ’
662 2152 784 2216 ἕκαστα
803 2144 981 2240 προτάσεις
1001 2153 1102 2241 φησὶν
1127 2142 1251 2235 ὁἈρι·

253 2253 406 2330 στοτέλης
433 2253 484 2317 ἐπὶ
507 2259 567 2337 μὲν
591 2253 649 2334 τῆς
673 2249 856 2340 ἀναγκαίας
882 2244 979 2334 ὕλης,
1007 2256 1062 2318 καλ
1088 2245 1251 2318 ἀδυνάτου

253 2355 392 2442 διαιρεῖν
407 2352 494 2420 κατά
514 2350 621 2422 πάντα
641 2351 761 2446 χρόνον
782 2351 964 2446 ὡρισμένως
987 2350 1026 2421 τὸ
1047 2350 1177 2436 ἀληθὲς
1198 2357 1252 2420 καὶ

253 2454 291 2523 τὸ
317 2458 449 2551 φεῦδος.
501 2455 601 2525 Κατά
623 2467 682 2546 μὲν
706 2455 769 2549 γάρ
799 2456 857 2540 τὴν
881 2454 1066 2544 ἀναγκαίαν
1086 2450 1170 2538 ῦλην
1194 2453 1250 2537 τὴν

251 2568 311 2647 μὲν
324 2556 516 2652 κατάφασιν
534 2557 712 2643 ἀληθεύειν
730 2556 880 2648 ἀνάγκη,
893 2559 931 2627 τὸ
945 2558 1129 2648 ἀναγκαίως
1146 2554 1249 2650 ὑπάρ-

249 2654 310 2751 χον
328 2659 483 2756 ὑπάρχειν
501 2668 682 2751 λέγουσαν,
713 2661 773 2746 την
798 2668 833 2732 δὲ
855 2661 1028 2757 ἀπόφασιν
1049 2660 1248 2758 ψεύδεσθαι,

253 2757 311 2832 άτε
332 2763 536 2860 ἀναιροῦσαν
561 2765 600 2833 τὸ
623 2763 807 2855 ἀναγκαίως
829 2763 990 2860 ὑπάρχον·
1026 2764 1112 2835 κατὰ
1136 2769 1171 2832 δὲ
1195 2762 1250 2846 τὴν

252 2863 416 2936 ἀδύνατον
437 2867 496 2951 τὴν
519 2878 579 2957 μὲν
599 2867 791 2965 κατάφασιν
815 2868 1007 2967 φείδεσθαι
1032 2866 1069 2936 τὸ
1090 2863 1250 2936 ἀδύνατον

252 2965 408 3063 ὑπάρχειν
426 2975 605 3057 λέγουσαν,
627 2971 686 3055 τὴν
706 2979 741 3043 δὲ
761 2972 949 3069 ἀπόφασιν,
971 2965 1028 3040 άτε
1049 2969 1248 3064 ἀναιροῦσαν

252 3071 355 3156 ἀυτό,
379 3071 568 3156 ἀληθεύειν.
611 3075 713 3144 Κατά
738 3082 774 3144 δέ
793 3105 828 3164 γε
855 3075 912 3160 τὴν
938 3080 1143 3166 ἐνδεχομένην
1164 3067 1248 3155 ῦλην,

253 3174 359 3246 οῦαέτι
389 3184 490 3270 φησὶν
518 3173 637 3265 ὁμοίως
666 3175 770 3258 ἀυτάς
791 3181 873 3269 ἔχειν
894 3178 979 3249 κατά
999 3175 1107 3247 πάντα
1132 3173 1248 3270 χρόνον

253 3285 505 3371 λαμβανομένοις
526 3277 609 3370 πρὸς
629 3280 688 3364 τὴν
712 3279 875 3373 διάκρισιν
899 3285 959 3350 τοῦ
974 3309 1007 3350 τε
1027 3279 1181 3365 ἀληθοῦς
1197 3285 1247 3347 καί

252 3388 311 3451 τοῦ
332 3388 485 3479 ψευδοῦς.
502 3381 574 3452 Ἐπὶ
590 3393 650 3474 μὲν
669 3382 733 3476 γάρ
751 3388 810 3452 τοῦ
826 3381 1101 3476 παρεληλυθότος
1121 3390 1177 3451 καὶ
1192 3385 1246 3451 τοῦ

191 3485 193 3492 ’
253 3489 440 3571 ἐνεστῶτος,
462 3480 519 3556 άτε
537 3492 571 3557 δὲ
592 3489 623 3569 ²)
645 3491 704 3556 τοῦ
721 3484 915 3578 πράγματος
930 3483 1157 3575 έκβεβηκότος,
1179 3491 1245 3576 περὶ

252 3585 292 3656 δῦ
311 3585 329 3655 ὁ
347 3586 461 3677 λόγος,
483 3589 627 3684 φανερὸν
644 3594 727 3660 ε’ἰναι
743 3595 806 3660 τῶν
828 3587 908 3658 καθ’
926 3595 1048 3659 ἕκαστα
1063 3585 1246 3682 προτάσεων

252 3687 311 3773 τήν
338 3717 371 3759 τε
398 3690 635 3775 ἀληθεῦσυσαν
666 3700 720 3762 καὶ
754 3693 812 3777 την
840 3698 1054 3788 ψευδομένην.
1107 3691 1163 3762 'En
1187 3690 1245 3782 γὰρ

252 3791 344 3884 τάχοι
369 3792 559 3884 λουόμενος,
593 3794 615 3880 ἢ
636 3793 836 3885 λουσάμενος
854 3803 941 3885 χθὲς
961 3793 980 3863 ὁ
998 3795 1197 3889 Σωκράτης,
1227 3792 1244 3878 η

251 3905 310 3986 μέν
332 3895 521 3993 κατάφασις
543 3896 702 3984 ἀληθεύει
723 3898 743 3985 ἡ
766 3907 926 3991 λέγουσα,
962 3897 1147 3992 Σωκράτης
1164 3906 1245 3990 χθὲς
