2694 4508
250 300 290 388 εε

246 485 380 611 μήτειγε
398 490 462 556 τῶν
474 484 584 554 ἄλλων
603 482 695 554 τινά·
716 481 880 566 τοσαύτην
898 480 991 573 ἰσχύν
1012 483 1075 571 ἔχει
1093 479 1258 565 τάληθές,

246 602 303 662 καὶ
323 591 384 676 τὴν
407 588 499 683 παρά
522 591 588 658 τῶν
609 591 799 677 γινομένων
808 588 1009 710 μαρτυρίαν
1020 587 1150 682 ἐναργῆ.
1202 581 1259 652 'Ea

247 701 284 766 δὲ
312 692 436 764 τούτων
468 688 547 776 4)’
529 689 635 773 ούτως
668 687 825 780 ἐχόντων,
872 687 966 780 ἰσχύν
988 687 1097 759 άυτῶν
1122 685 1144 772 ἡ
1173 685 1259 771 δόξα

246 795 410 882 τοσαύτην
425 794 525 885 λάβοι
539 800 587 880 ⁵),
615 794 659 876 ῶς
681 791 809 874 πάντας
829 791 1035 887 ἀνθρώπους
1059 796 1257 874 πιστεῦσαι,

244 894 298 970 ότι
318 899 411 991 ἡμεῖς
430 911 490 992 μὲν
513 899 644 979 οὐδενός
667 895 794 990 κύριοι,
821 895 977 988 ἑπόμεθα
998 901 1034 965 δὲ
1056 903 1127 976 τοῖς
1145 921 1258 988 περιε-

243 1008 364 1076 στῶσιν
381 1003 447 1088 άεί,
469 1002 600 1084 τούτοις
618 999 796 1082 ἐνδιδόντες
809 1027 843 1072 τε
860 1008 916 1071 καὶ
930 1005 1259 1090 συγκατατιθέμενοι

244 1116 300 1178 καὶ
319 1106 506 1203 πράττομεν
528 1133 564 1176 τε
583 1101 613 1193 6)
634 1103 658 1176 ὀί
677 1103 865 1200 πράττομεν
892 1108 938 1198 τῷ
958 1101 1088 1184 πάντως
1108 1100 1260 1198 ὀφείλειν

242 1215 342 1281 τοῦτο
362 1207 519 1302 πράττειν
538 1210 597 1300 (μὴ
617 1209 683 1303 γάρ
703 1214 787 1278 ἑῐναι
805 1206 947 1277 δυνατὸν
963 1204 1050 1298 ἡμῖν,
1071 1205 1174 1276 ὄντων
1189 1209 1259 1276 τῶν

224 1311 463 1405 ’περιεστώτων
483 1311 658 1395 τοιούτων,
695 1310 779 1379 ἄλλο
797 1335 830 1379 τι
851 1315 976 1393 ποιεῖν)
1004 1309 1044 1378 ού
1065 1306 1260 1403 πράττομεν

241 1421 279 1484 δὲ
298 1412 399 1484 πάλιν
419 1412 556 1504 ὁμοίως,
579 1409 637 1482 διά
657 1407 758 1502 τὸμὴ
772 1410 946 1483 δύνασθαι
962 1410 1164 1500 ἀντιβαίνειν
1183 1419 1259 1497 τοῖς
1317 1477 1321 1484 .

240 1520 451 1612 περιεστῶσιν
470 1515 545 1587 ὀόσι
571 1514 753 1601 τοιούτοις,
775 1519 808 1585 τί
831 1513 914 1585 ἄλλο
938 1513 961 1600 ἢ
982 1513 1192 1604 συμβήσεται
1213 1515 1260 1588 ὀίν

188 1625 213 1696 ⁷.
239 1619 367 1702 πάντας
381 1621 411 1706 ⁷)
430 1618 633 1746 ἀνθρώπους
654 1619 712 1692 διά
731 1618 791 1705 τὴν
812 1615 942 1690 τοιάνδε
964 1620 1090 1702 πίστιν,
1123 1618 1168 1688 τά
1193 1631 1259 1710 μὲν

240 1718 306 1795 ὅσα
325 1723 410 1814 μετά
428 1721 532 1796 πόνου
555 1723 646 1806 τινός
664 1732 721 1796 και
743 1726 969 1819 φροντίδος
936 1749 1080 1812 γωεται,
1115 1720 1258 1808 τούτοις

239 1837 300 1920 μὲν
317 1831 444 1924 χαίρειν
467 1834 588 1919 λέγειν,
620 1826 798 1931 άιρεισθαι
826 1833 862 1898 δὲ
893 1827 953 1909 τὰς
971 1825 1055 1918 μετά
1079 1826 1258 1918 ῥαστώνης

239 1930 428 2021 ἦδουάςῌ
405 1962 448 2014 ως
461 1931 591 2016 πάντως
605 1937 765 2058 ἐσομενων
781 1934 845 2002 τῶν
863 1929 1063 2028 ὀφειλόντων
1076 1937 1255 2020 γενέσθαι,

239 2040 340 2124 μηδὲν
372 2035 469 2106 άυτολ
495 2045 569 2129 περὶ
596 2035 704 2105 ἀυτῶν
733 2033 848 2104 ὀίοωσι
880 2033 983 2106 καλόν
1013 2037 1054 2120 ⁸).
1091 2032 1253 2106 Ὁύτωδ

238 2135 347 2207 ἀυτῶν
368 2143 592 2227 διακειμένου,
615 2145 672 2208 καὶ
695 2141 759 2208 τῶν
772 2144 1004 2232 πραττομενων
1018 2137 1254 2210 ἀκολουθούν-

240 2266 306 2310 των
327 2247 403 2321 ταῖς
426 2235 591 2334 άιρὲσεσιν
610 2239 717 2312 ἀυτῶν
739 2239 791 2327 (05
815 2241 881 2337 γάρ
906 2242 947 2328 δὴ
967 2247 998 2329 ⁹)
1016 2241 1074 2313 διά
1093 2240 1154 2328 τὴν
1178 2250 1256 2332 περὶ

238 2341 348 2416 άυτῶν
369 2348 572 2442 ἐψευσμένην
592 2348 703 2415 πίστιν
721 2344 829 2427 ἄλλως
844 2373 913 2429 πως
929 2350 991 2432 ἔξει
1010 2345 1054 2418 τά
1067 2343 1253 2440 πράγματα

237 2447 260 2533 ἢ
281 2446 326 2530 ῶς
343 2450 420 2541 ἔχει)
441 2451 486 2533 ¹⁰·)
508 2443 591 2518 άλλό
610 2450 660 2531 τι,
689 2447 796 2534 ἢτῶν,
810 2459 870 2542 μὲν
885 2454 992 2521 καλῶν
1012 2448 1252 2544 παραστάντων

239 2550 397 2648 ὀλιγωρία
414 2559 464 2634 τίς
485 2552 596 2638 ἔσται,
625 2549 769 2636 (πάντων
793 2553 858 2647 γάρ
880 2549 1036 2638 ἡκτῆσίς
1062 2581 1098 2624 τε
1128 2556 1172 2637 ¹¹)
1194 2561 1263 2625 καί

216 2715 220 2722 .
237 2659 406 2752 παρουσία
427 2661 493 2728 τῶν
512 2652 670 2726 τοιούτων
687 2655 771 2746 μετά
787 2652 937 2748 καμάτου
951 2659 1164 2752 περιγίνεται)
1186 2662 1251 2728 τῶν

238 2765 273 2827 δὲ
295 2764 403 2831 κακῶν
420 2758 561 2884 άίρεσις,
591 2752 649 2828 ὀίτε
662 2763 840 2852 γινομένων
853 2758 935 2851 μετά
950 2758 1120 2855 ραστῶνης
1137 2787 1173 2831 τε
1194 2771 1251 2832 καί

237 2861 375 2947 ἡδσνῆςς
405 2862 489 2956 πρὸς
511 2861 569 2945 ὀύς
591 2865 642 2944 τίς
662 2861 704 2934 ὀίν
730 2861 824 2990 παρά
844 2862 970 2936 τούτων
996 2865 1083 2949 Ι4)
1066 2867 1114 2948 είη
1132 2863 1250 2955 λόγος,

238 2956 282 3036 ῶν
303 2971 497 3046 πεισθέντες
518 2973 590 3048 τοῖς
611 2964 755 3058 δόγμασι
769 2958 914 3052 ἦλθον
898 2973 948 3038 επὶ
970 2971 1095 3055 ταύτας
1119 2973 1250 3092 λέγοιεν

235 3069 300 3196 γάρ
333 3067 375 3140 ὀίν
400 3069 534 3149 δικαίως
565 3068 649 3193 πρὸς
679 3068 820 3151 άυτούς,
866 3070 946 3142 ἐι
925 3075 1079 3143 αιτιῶντο
1107 3069 1249 3156 άυτούς,

236 3170 289 3245 ὀτι
306 3169 353 3264 μὴ
375 3168 447 3243 ὁῖὀν
463 3197 498 3240 τε
517 3161 560 3255 ἦν
578 3171 708 3257 άυτοῖς,
729 3175 794 3244 τῶν
811 3171 1033 3268 περιεστώτων
1054 3175 1158 3246 ὀντων
1178 3202 1248 3246 τοι-

235 3305 340 3349 οντων
347 3331 356 3363 ,
390 3272 525 3348 ὀλλοῖόν
550 3301 582 3345 τι
608 3273 771 3371 πράττειν.
810 3273 880 3358 Ὁῑς
903 3281 972 3359 πῶς
998 3275 1248 3371 ἐπιτιμήσουσιν

235 3379 376 3471 ἑυλόγως
398 3386 430 3451 ολ
451 3379 508 3451 διά
528 3383 592 3450 τῶν
617 3376 790 3470 δογμάτων
810 3376 934 3452 τούτων
952 3380 1066 3464 ἀυτοῖς
1086 3381 1247 3454 διδάσκα·

236 3492 290 3555 λοι
328 3481 515 3574 γεγονότεςς
566 3485 694 3576 μᾶλλον
736 3487 772 3553 δὲ
815 3480 890 3554 ὀύτε
918 3484 1136 3612 ἐπιτιμήσεις,
1168 3486 1247 3558 ’ὀύτε

234 3583 386 3669 κολάσεις
413 3593 474 3672 ¹⁵),
521 3585 595 3659 ὀύτε
622 3587 820 3716 προτροπὴ,
839 3585 914 3658 ὀύτε
934 3588 1034 3714 τιμίρ,
1070 3589 1155 3660 οὔτ’·
1153 3589 1246 3662 άλλό

234 3719 267 3762 τι
290 3693 358 3763 τῶν
379 3688 538 3762 τοιούτων
558 3691 617 3776 τὴν
638 3689 761 3763 οἰκείαν
782 3688 879 3762 σώσει
900 3691 969 3762 κατ’
993 3690 1115 3775 ὀυτούς
1129 3691 1244 3796 φύσιν,

233 3793 343 3866 ἀλλ”
322 3820 418 3867 εοται
439 3801 495 3864 καί
517 3793 641 3867 τούτων
660 3800 799 3868 ἕκαστον
821 3789 865 3879 Ι4)
894 3793 1064 3921 γινόμενον
1080 3821 1246 3887 κατηναγ

235 3903 425 3990 κασιεὲνως,
463 3891 568 3990 ῶσπερ
608 3907 760 3983 κακείνα,
809 3898 857 3994 ἔφ’
889 3896 939 3982 ὀῖς
969 3904 1075 3972 ταῦτα
1110 3903 1249 3990 γίνεται.
