2718 4506
607 1061 664 1114 ΙΝ

190 1151 1073 1274 ΑΜΜοΝιιΗΕνΜιΑο

345 1349 893 1417 COMMENTATIONEM

546 1492 580 1547 de
602 1497 687 1548 Fato.

507 1675 729 1690 *-

576 1812 608 1882 §.
632 1807 664 1868 1.

140 1926 175 2003 l)
205 1921 327 2010 τριῶν
349 1915 632 1998 ἀντιθέσεως]
654 1919 724 1982 scil.
748 1914 833 1986 κατὰ
850 1917 908 2001 τὴν
926 1917 1119 2006 ἀναγκαῖον,

204 2021 292 2093 κατὰ
312 2020 370 2090 τὶν
390 2019 574 2101 ἀδύνατον,
605 2019 693 2088 κατὰ
721 2019 779 2103 τὴν
806 2025 1011 2112 ἐνδεχομένην
1032 2018 1120 2107 ὕλην.

141 2236 175 2315 2)
206 2222 275 2299 ἅτε
297 2230 359 2312 δὲ]
393 2232 477 2294 Num
500 2222 557 2296 iios
579 2224 645 2310 ὁήὶ)
681 2229 754 2309 (Ο.)

143 2453 176 2530 1)
204 2446 489 2541 περιτρέπων]
510 2445 856 2536 fortasseopotpe'oew.
878 2450 990 2532 (Oasp.
1003 2453 1122 2531 Orell.)

145 2555 204 2635 la]
226 2555 290 2620 ἐπὶ
311 2549 381 2633 τὴν
401 2546 564 2640 πρώτην
585 2549 872 2642 φιλοσοφίαν]
913 2552 1122 2634 Philosophia

207 2668 255 2720 est
275 2654 503 2739 principiorum
525 2653 665 2718 seientia.
696 2652 853 2733 Quoniam
875 2675 954 2718 vero
977 2656 1121 2719 substan·

207 2761 251 2824 tia
271 2757 400 2844 reliquis
422 2755 590 2842 categoriis
611 2755 703 2840 prior
725 2767 793 2832 est,
831 2777 1004 2842 eorumque
1033 2760 1122 2844 quasi

209 2860 420 2945 principium,
454 2872 504 2924 tot
526 2871 617 2922 erunt
637 2858 856 2942 philosophiae
883 2873 1007 2942 partes,
1042 2876 1121 2946 quot

210 2963 412 3040 substantiae,
436 2963 583 3029 τοσαῦτα
603 2966 686 3052 μέρη
700 2963 905 3053 ᾳιλοσοφίας
918 2967 1022 3044 ἐστιν,
1044 2959 1123 3032 ὅσαι

185 3093 268 3160 ὁπερ
301 3061 337 3132 ἁι
366 3061 477 3132 οὐσίαι
514 3065 652 3129 Aristot.
692 3067 875 3148 Metaphys.
909 3070 955 3131 V.
995 3069 1027 3132 2.
1077 3071 1124 3134 At

210 3168 402 3234 substantiae
421 3180 487 3232 tres
509 3179 599 3244 sunt,
622 3191 684 3232 una
703 3167 871 3234 immobilis
885 3184 917 3234 et
930 3171 1122 3256 incorrupti-

209 3273 293 3352 bilis,
323 3273 432 3338 Deus:
457 3272 555 3336 altera
575 3272 699 3336 mobilis
721 3285 752 3336 et
765 3272 1029 3355 incorruptibilis,
1054 3298 1122 3341 cae.

211 3379 293 3451 lumt
315 3376 408 3440 tertia
428 3375 553 3439 mobilis
576 3387 607 3438 et
629 3375 863 3458 coruptibilis,
886 3387 922 3438 ut
943 3378 1123 3444 sublimaria

211 3479 287 3542 ibid.
303 3480 386 3544 XII.
410 3481 483 3542 1'et
504 3479 536 3540 6.
559 3477 668 3542 Prima
688 3481 728 3540 ad
743 3478 953 3564 Theologiam
975 3482 1121 3564 pertinet,

213 3584 291 3646 duae
312 3579 508 3665 posteriores
537 3581 782 3661 sophystam,
820 3585 902 3646 rmde
924 3585 1121 3670 Theologia‚

211 3687 280 3748 sive
302 3689 349 3766 (ut
370 3685 530 3770 vulgatam
545 3685 787 3768 appellationem
802 3689 939 3766 servem)
951 3688 1122 3771 Motaphy-
1146 3701 1149 3720 ¹

211 3789 273 3852 sica
302 3787 468 3852 Aristoteli
497 3787 610 3852 dieitur
639 3781 793 3878 ἡπρώτη
816 3789 1020 3881 φιλοσοφία,
1052 3795 1127 3875 phi-

212 3891 371 3972 losophia
389 3893 513 3971 primo,
534 3895 605 3979 περὶ
627 3913 740 3982 φυσιν.
761 3883 834 3982 einp.
851 3894 880 3957 1.
898 3895 931 3958 9.
947 3903 978 3958 et
993 3895 1034 3958 al.
1050 3895 1126 3958 Ior-
