<?xml version="1.0" encoding="UTF-8"?>
<!DOCTYPE html PUBLIC "-//W3C//DTD XHTML 1.0 Transitional//EN"
    "http://www.w3.org/TR/xhtml1/DTD/xhtml1-transitional.dtd">
<html xmlns="http://www.w3.org/1999/xhtml" xml:lang="en" lang="en">
 <head>
  <title>
</title>
<meta http-equiv="Content-Type" content="text/html;charset=utf-8" />
  <meta name='ocr-system' content='tesseract 3.04.00' />
  <meta name='ocr-capabilities' content='ocr_page ocr_carea ocr_par ocr_line ocrx_word'/>
</head>
<body>
  <div class='ocr_page' id='page_1' title='image "./alexandriaprodi00alexgoog_0322.png"; bbox 0 0 2718 4506; ppageno 0'>
   <div class='ocr_carea' id='block_1_1' title="bbox 1050 320 1159 421">
    <p class='ocr_par' dir='ltr' id='par_1_1' title="bbox 1050 320 1159 421">
     <span class='ocr_line' id='line_1_1' title="bbox 1050 320 1159 421; baseline 0.018 -38"><span class='ocrx_word' id='word_1_1' title='bbox 1050 320 1109 384; x_wconf 82' lang='grc' dir='ltr'><strong>οοι</strong></span> <span class='ocrx_word' id='word_1_2' title='bbox 1155 415 1159 421; x_wconf 16' lang='lat'>⁶</span> 
     </span>
    </p>
   </div>
   <div class='ocr_carea' id='block_1_2' title="bbox 18 463 1138 3534">
    <p class='ocr_par' dir='ltr' id='par_1_2' title="bbox 128 463 1110 672">
     <span class='ocr_line' id='line_1_2' title="bbox 128 463 1110 570; baseline 0.017 -33"><span class='ocrx_word' id='word_1_3' title='bbox 128 473 162 554; x_wconf 76' lang='grc'><strong>7)</strong></span> <span class='ocrx_word' id='word_1_4' title='bbox 191 463 244 540; x_wconf 74' lang='grc' dir='ltr'><strong>ἐπ’</strong></span> <span class='ocrx_word' id='word_1_5' title='bbox 275 470 424 553; x_wconf 78' lang='grc' dir='ltr'><em>ἀετοῖς</em></span> <span class='ocrx_word' id='word_1_6' title='bbox 451 463 520 557; x_wconf 78' lang='grc' dir='ltr'><strong>ἦν]</strong></span> <span class='ocrx_word' id='word_1_7' title='bbox 558 479 635 542; x_wconf 89' lang='lat' dir='ltr'><strong>Ald.</strong></span> <span class='ocrx_word' id='word_1_8' title='bbox 654 481 691 542; x_wconf 77' lang='lat' dir='ltr'><strong>l.</strong></span> <span class='ocrx_word' id='word_1_9' title='bbox 715 479 762 548; x_wconf 83' lang='grc' dir='ltr'><strong>ἔτι</strong></span> <span class='ocrx_word' id='word_1_10' title='bbox 785 479 898 564; x_wconf 79' lang='grc' dir='ltr'><em>ἀετοῖς</em></span> <span class='ocrx_word' id='word_1_11' title='bbox 919 473 960 567; x_wconf 83' lang='grc' dir='ltr'><strong>ἦν</strong></span> <span class='ocrx_word' id='word_1_12' title='bbox 981 487 1110 570; x_wconf 84' lang='lat' dir='ltr'><strong>vitiose,</strong></span> 
     </span>
     <span class='ocr_line' id='line_1_3' title="bbox 194 577 1110 672; baseline 0.022 -35"><span class='ocrx_word' id='word_1_13' title='bbox 194 577 252 639; x_wconf 89' lang='lat' dir='ltr'><strong>uisi</strong></span> <span class='ocrx_word' id='word_1_14' title='bbox 266 578 352 640; x_wconf 81' lang='lat' dir='ltr'><strong>forte</strong></span> <span class='ocrx_word' id='word_1_15' title='bbox 374 578 536 660; x_wconf 70' lang='lat' dir='ltr'><strong>scripserit</strong></span> <span class='ocrx_word' id='word_1_16' title='bbox 559 593 670 645; x_wconf 77' lang='lat' dir='ltr'><strong>auctor</strong></span> <span class='ocrx_word' id='word_1_17' title='bbox 692 583 737 649; x_wconf 84' lang='grc' dir='ltr'><strong>ἔτι</strong></span> <span class='ocrx_word' id='word_1_18' title='bbox 763 581 807 650; x_wconf 72' lang='grc' dir='ltr'><strong>ἐπ’</strong></span> <span class='ocrx_word' id='word_1_19' title='bbox 832 583 946 666; x_wconf 77' lang='grc' dir='ltr'><em>ἀετοῖς</em></span> <span class='ocrx_word' id='word_1_20' title='bbox 967 577 1015 671; x_wconf 74' lang='grc' dir='ltr'><strong>ἦν.</strong></span> <span class='ocrx_word' id='word_1_21' title='bbox 1037 593 1110 672; x_wconf 90' lang='grc'><strong>(0.)</strong></span> 
     </span>
    </p>

    <p class='ocr_par' dir='ltr' id='par_1_3' title="bbox 127 674 1111 1178">
     <span class='ocr_line' id='line_1_4' title="bbox 127 674 1109 774; baseline 0.017 -33"><span class='ocrx_word' id='word_1_22' title='bbox 127 678 162 758; x_wconf 79' lang='grc'><strong>3)</strong></span> <span class='ocrx_word' id='word_1_23' title='bbox 190 674 280 760; x_wconf 76' lang='grc' dir='ltr'><em>ἐξόν</em></span> <span class='ocrx_word' id='word_1_24' title='bbox 301 684 369 745; x_wconf 79' lang='grc' dir='ltr'><strong>καὶ</strong></span> <span class='ocrx_word' id='word_1_25' title='bbox 390 676 436 745; x_wconf 87' lang='grc' dir='ltr'><strong>τὸ</strong></span> <span class='ocrx_word' id='word_1_26' title='bbox 451 679 972 774; x_wconf 82' lang='grc' dir='ltr'><em>τῶνβελτιόνωνάμελεῖν]</em></span> <span class='ocrx_word' id='word_1_27' title='bbox 990 695 1109 760; x_wconf 87' lang='lat' dir='ltr'><strong>Ald.l.</strong></span> 
     </span>
     <span class='ocr_line' id='line_1_5' title="bbox 190 775 1111 872; baseline 0.021 -25"><span class='ocrx_word' id='word_1_28' title='bbox 190 787 247 849; x_wconf 78' lang='grc' dir='ltr'><strong>καὶ</strong></span> <span class='ocrx_word' id='word_1_29' title='bbox 266 775 373 848; x_wconf 79' lang='grc' dir='ltr'><em>τούτω</em></span> <span class='ocrx_word' id='word_1_30' title='bbox 393 778 569 869; x_wconf 77' lang='grc' dir='ltr'><em>βελτιόνων</em></span> <span class='ocrx_word' id='word_1_31' title='bbox 589 779 727 872; x_wconf 84' lang='grc' dir='ltr'><em>ἀμελεῖν.</em></span> <span class='ocrx_word' id='word_1_32' title='bbox 757 789 833 854; x_wconf 89' lang='lat' dir='ltr'><strong>Ald.</strong></span> <span class='ocrx_word' id='word_1_33' title='bbox 854 793 886 856; x_wconf 72' lang='lat'><strong>2.</strong></span> <span class='ocrx_word' id='word_1_34' title='bbox 909 799 964 861; x_wconf 81' lang='grc' dir='ltr'><strong>καὶ</strong></span> <span class='ocrx_word' id='word_1_35' title='bbox 986 794 1111 866; x_wconf 85' lang='grc' dir='ltr'><em>τούτων</em></span> 
     </span>
     <span class='ocr_line' id='line_1_6' title="bbox 189 877 1108 980; baseline 0.015 -30"><span class='ocrx_word' id='word_1_36' title='bbox 189 877 366 968; x_wconf 78' lang='grc' dir='ltr'><em>βελτιόνων</em></span> <span class='ocrx_word' id='word_1_37' title='bbox 386 881 526 970; x_wconf 85' lang='grc' dir='ltr'><em>ἀμελεῖν.</em></span> <span class='ocrx_word' id='word_1_38' title='bbox 547 884 627 968; x_wconf 79' lang='grc' dir='ltr'><em>ἐξόν,</em></span> <span class='ocrx_word' id='word_1_39' title='bbox 650 893 737 973; x_wconf 85' lang='lat' dir='ltr'><strong>quod</strong></span> <span class='ocrx_word' id='word_1_40' title='bbox 757 902 862 956; x_wconf 83' lang='lat' dir='ltr'><strong>textus</strong></span> <span class='ocrx_word' id='word_1_41' title='bbox 884 898 1029 980; x_wconf 83' lang='lat' dir='ltr'><strong>requirit,</strong></span> <span class='ocrx_word' id='word_1_42' title='bbox 1053 905 1108 964; x_wconf 86' lang='lat' dir='ltr'><strong>ad-</strong></span> 
     </span>
     <span class='ocr_line' id='line_1_7' title="bbox 191 984 1108 1082; baseline 0.024 -32"><span class='ocrx_word' id='word_1_43' title='bbox 191 984 267 1050; x_wconf 87' lang='lat' dir='ltr'><strong>didit</strong></span> <span class='ocrx_word' id='word_1_44' title='bbox 289 985 446 1072; x_wconf 69' lang='lat' dir='ltr'><strong>Ceselitu.</strong></span> <span class='ocrx_word' id='word_1_45' title='bbox 469 988 544 1069; x_wconf 91' lang='grc' dir='ltr'><strong>(Ο.)</strong></span> <span class='ocrx_word' id='word_1_46' title='bbox 564 991 784 1071; x_wconf 71' lang='lat' dir='ltr'><strong>&#39;Praestat-et,</strong></span> <span class='ocrx_word' id='word_1_47' title='bbox 807 997 943 1079; x_wconf 75' lang='lat' dir='ltr'><strong>opinor,</strong></span> <span class='ocrx_word' id='word_1_48' title='bbox 968 998 1038 1082; x_wconf 78' lang='grc' dir='ltr'><em>ἐξόν</em></span> <span class='ocrx_word' id='word_1_49' title='bbox 1052 1013 1108 1073; x_wconf 81' lang='grc' dir='ltr'><strong>καὶ</strong></span> 
     </span>
     <span class='ocr_line' id='line_1_8' title="bbox 189 1085 907 1178; baseline 0.014 -24"><span class='ocrx_word' id='word_1_50' title='bbox 189 1089 260 1155; x_wconf 82' lang='grc' dir='ltr'><em>τῶν·</em></span> <span class='ocrx_word' id='word_1_51' title='bbox 272 1085 450 1174; x_wconf 83' lang='grc' dir='ltr'><em>βελτιόνων</em></span> <span class='ocrx_word' id='word_1_52' title='bbox 470 1085 608 1177; x_wconf 79' lang='grc' dir='ltr'><em>ἀμελεῖν.</em></span> <span class='ocrx_word' id='word_1_53' title='bbox 633 1095 765 1178; x_wconf 52' lang='lat' dir='ltr'><strong>uturp.</strong></span> <span class='ocrx_word' id='word_1_54' title='bbox 788 1100 907 1176; x_wconf 81' lang='lat' dir='ltr'><strong>Orell.)</strong></span> 
     </span>
    </p>

    <p class='ocr_par' dir='ltr' id='par_1_4' title="bbox 125 1189 1138 1386">
     <span class='ocr_line' id='line_1_9' title="bbox 125 1189 1108 1292; baseline 0.022 -40"><span class='ocrx_word' id='word_1_55' title='bbox 125 1191 161 1272; x_wconf 79' lang='lat' dir='ltr'><strong>l)</strong></span> <span class='ocrx_word' id='word_1_56' title='bbox 189 1197 256 1259; x_wconf 82' lang='grc' dir='ltr'><strong>καὶ</strong></span> <span class='ocrx_word' id='word_1_57' title='bbox 279 1193 344 1258; x_wconf 80' lang='grc' dir='ltr'><strong>ἐπι</strong></span> <span class='ocrx_word' id='word_1_58' title='bbox 365 1194 441 1260; x_wconf 83' lang='grc' dir='ltr'><strong>τῶν</strong></span> <span class='ocrx_word' id='word_1_59' title='bbox 464 1189 592 1262; x_wconf 87' lang='grc' dir='ltr'><em>όντων</em></span> <span class='ocrx_word' id='word_1_60' title='bbox 613 1195 675 1274; x_wconf 88' lang='grc' dir='ltr'><em>τε]</em></span> <span class='ocrx_word' id='word_1_61' title='bbox 707 1204 861 1282; x_wconf 72' lang='grc' dir='ltr'><em>μένοντε</em></span> <span class='ocrx_word' id='word_1_62' title='bbox 884 1199 996 1284; x_wconf 83' lang='grc' dir='ltr'><em>ὄντων,</em></span> <span class='ocrx_word' id='word_1_63' title='bbox 1021 1211 1108 1292; x_wconf 88' lang='lat' dir='ltr'><strong>quod</strong></span> 
     </span>
     <span class='ocr_line' id='line_1_10' title="bbox 191 1293 1138 1386; baseline 0.019 -30"><span class='ocrx_word' id='word_1_64' title='bbox 191 1293 276 1358; x_wconf 87' lang='lat' dir='ltr'><strong>Edd.</strong></span> <span class='ocrx_word' id='word_1_65' title='bbox 299 1295 437 1373; x_wconf 80' lang='lat' dir='ltr'><strong>habeut,</strong></span> <span class='ocrx_word' id='word_1_66' title='bbox 461 1307 548 1360; x_wconf 85' lang='lat' dir='ltr'><strong>reete</strong></span> <span class='ocrx_word' id='word_1_67' title='bbox 571 1298 686 1361; x_wconf 86' lang='lat' dir='ltr'><strong>omittit</strong></span> <span class='ocrx_word' id='word_1_68' title='bbox 708 1300 816 1365; x_wconf 79' lang='lat' dir='ltr'><strong>Haud.</strong></span> <span class='ocrx_word' id='word_1_69' title='bbox 838 1305 924 1386; x_wconf 90' lang='lat' dir='ltr'><strong>(O.)</strong></span> <span class='ocrx_word' id='word_1_70' title='bbox 1133 1371 1138 1378; x_wconf 77' lang='grc'><strong>,</strong></span> 
     </span>
    </p>

    <p class='ocr_par' dir='ltr' id='par_1_5' title="bbox 124 1389 1107 1790">
     <span class='ocr_line' id='line_1_11' title="bbox 124 1389 1107 1484; baseline 0.021 -26"><span class='ocrx_word' id='word_1_71' title='bbox 124 1389 208 1476; x_wconf 76' lang='lat'><strong>5)‘&#39;</strong></span> <span class='ocrx_word' id='word_1_72' title='bbox 189 1421 256 1463; x_wconf 88' lang='grc' dir='ltr'><strong>οτι</strong></span> <span class='ocrx_word' id='word_1_73' title='bbox 278 1394 323 1464; x_wconf 88' lang='grc' dir='ltr'><strong>τό</strong></span> <span class='ocrx_word' id='word_1_74' title='bbox 344 1396 459 1484; x_wconf 75' lang='grc' dir='ltr'><em>μέν’</em></span> <span class='ocrx_word' id='word_1_75' title='bbox 447 1396 492 1466; x_wconf 92' lang='grc' dir='ltr'><strong>όν</strong></span> <span class='ocrx_word' id='word_1_76' title='bbox 513 1401 586 1482; x_wconf 89' lang='grc' dir='ltr'><em>τε]</em></span> <span class='ocrx_word' id='word_1_77' title='bbox 599 1400 777 1466; x_wconf 81' lang='lat' dir='ltr'><strong>Articulum</strong></span> <span class='ocrx_word' id='word_1_78' title='bbox 799 1407 879 1472; x_wconf 88' lang='lat' dir='ltr'><strong>b&#39;eue</strong></span> <span class='ocrx_word' id='word_1_79' title='bbox 901 1385 1107 1480; x_wconf 69' lang='lat' dir='ltr'><strong>additHzivu.</strong></span> 
     </span>
     <span class='ocr_line' id='line_1_12' title="bbox 188 1499 1107 1598; baseline 0.023 -37"><span class='ocrx_word' id='word_1_80' title='bbox 188 1499 323 1563; x_wconf 84' lang='lat' dir='ltr'><strong>Aldinae</strong></span> <span class='ocrx_word' id='word_1_81' title='bbox 345 1501 493 1566; x_wconf 88' lang='lat' dir='ltr'><strong>omittunt</strong></span> <span class='ocrx_word' id='word_1_82' title='bbox 512 1505 581 1587; x_wconf 87' lang='grc' dir='ltr'><em>μέν.</em></span> <span class='ocrx_word' id='word_1_83' title='bbox 605 1503 715 1566; x_wconf 87' lang='lat' dir='ltr'><strong>Sed&#39;</strong></span> <span class='ocrx_word' id='word_1_84' title='bbox 689 1525 717 1566; x_wconf 89' lang='grc' dir='ltr'><strong>ει</strong></span> <span class='ocrx_word' id='word_1_85' title='bbox 739 1507 931 1574; x_wconf 80' lang='lat' dir='ltr'><strong>omittetur</strong></span> <span class='ocrx_word' id='word_1_86' title='bbox 921 1534 952 1575; x_wconf 88' lang='grc' dir='ltr'><strong>ιιι</strong></span> <span class='ocrx_word' id='word_1_87' title='bbox 974 1537 1107 1598; x_wconf 82' lang='lat' dir='ltr'><strong>praece</strong></span> 
     </span>
     <span class='ocr_line' id='line_1_13' title="bbox 188 1599 1105 1698; baseline 0.023 -33"><span class='ocrx_word' id='word_1_88' title='bbox 188 1603 332 1665; x_wconf 84' lang='lat' dir='ltr'><strong>dentibus</strong></span> <span class='ocrx_word' id='word_1_89' title='bbox 355 1615 426 1665; x_wconf 82' lang='lat' dir='ltr'><strong>aute</strong></span> <span class='ocrx_word' id='word_1_90' title='bbox 455 1599 575 1686; x_wconf 82' lang='grc' dir='ltr'><em>ὄντοιν,</em></span> <span class='ocrx_word' id='word_1_91' title='bbox 617 1606 669 1668; x_wconf 82' lang='lat' dir='ltr'><strong>hic</strong></span> <span class='ocrx_word' id='word_1_92' title='bbox 690 1609 800 1673; x_wconf 87' lang='lat' dir='ltr'><strong>abesse</strong></span> <span class='ocrx_word' id='word_1_93' title='bbox 822 1633 886 1676; x_wconf 91' lang='lat' dir='ltr'><strong>uou</strong></span> <span class='ocrx_word' id='word_1_94' title='bbox 906 1629 1014 1698; x_wconf 83' lang='lat' dir='ltr'><strong>potest</strong></span> <span class='ocrx_word' id='word_1_95' title='bbox 1035 1642 1105 1688; x_wconf 84' lang='lat' dir='ltr'><strong>cum</strong></span> 
     </span>
     <span class='ocr_line' id='line_1_14' title="bbox 186 1701 714 1790; baseline 0.019 -26"><span class='ocrx_word' id='word_1_96' title='bbox 186 1714 338 1787; x_wconf 79' lang='lat' dir='ltr'><strong>sequatur</strong></span> <span class='ocrx_word' id='word_1_97' title='bbox 360 1701 398 1770; x_wconf 88' lang='grc' dir='ltr'><strong>τό</strong></span> <span class='ocrx_word' id='word_1_98' title='bbox 421 1706 457 1771; x_wconf 80' lang='grc' dir='ltr'><strong>δὲ</strong></span> <span class='ocrx_word' id='word_1_99' title='bbox 477 1707 605 1790; x_wconf 83' lang='grc' dir='ltr'><em>μέλλον.</em></span> <span class='ocrx_word' id='word_1_100' title='bbox 640 1709 714 1790; x_wconf 93' lang='lat' dir='ltr'><strong>(O.)</strong></span> 
     </span>
    </p>

    <p class='ocr_par' dir='ltr' id='par_1_6' title="bbox 119 1803 1105 1914">
     <span class='ocr_line' id='line_1_15' title="bbox 119 1803 1105 1914; baseline 0.025 -47"><span class='ocrx_word' id='word_1_101' title='bbox 119 1809 157 1887; x_wconf 79' lang='grc' dir='ltr'><em>(ι)</em></span> <span class='ocrx_word' id='word_1_102' title='bbox 188 1810 260 1870; x_wconf 80' lang='grc' dir='ltr'><strong>καὶ</strong></span> <span class='ocrx_word' id='word_1_103' title='bbox 281 1806 406 1872; x_wconf 82' lang='grc' dir='ltr'><em>τοῦτο</em></span> <span class='ocrx_word' id='word_1_104' title='bbox 426 1803 529 1899; x_wconf 77' lang='grc' dir='ltr'><strong><em>πρὸς</em></strong></span> <span class='ocrx_word' id='word_1_105' title='bbox 548 1817 639 1888; x_wconf 81' lang='grc' dir='ltr'><em>τοῖς</em></span> <span class='ocrx_word' id='word_1_106' title='bbox 661 1810 833 1896; x_wconf 84' lang='grc' dir='ltr'><em>ἄλλοις]</em></span> <span class='ocrx_word' id='word_1_107' title='bbox 857 1818 934 1884; x_wconf 91' lang='lat' dir='ltr'><strong>Ald.</strong></span> <span class='ocrx_word' id='word_1_108' title='bbox 947 1821 980 1887; x_wconf 77' lang='lat'><strong>2.</strong></span> <span class='ocrx_word' id='word_1_109' title='bbox 970 1829 1105 1914; x_wconf 56' lang='lat' dir='ltr'><strong>aulul}</strong></span> 
     </span>
    </p>

    <p class='ocr_par' dir='ltr' id='par_1_7' title="bbox 18 1908 899 2028">
     <span class='ocr_line' id='line_1_16' title="bbox 18 1908 899 2028; baseline 0.016 -57"><span class='ocrx_word' id='word_1_110' title='bbox 18 1951 32 1990; x_wconf 74' lang='lat'>,</span> <span class='ocrx_word' id='word_1_111' title='bbox 189 1909 299 2028; x_wconf 82' lang='grc' dir='ltr'><em>τμῦτο.</em></span> <span class='ocrx_word' id='word_1_112' title='bbox 341 1908 430 1972; x_wconf 81' lang='lat' dir='ltr'><strong>Male</strong></span> <span class='ocrx_word' id='word_1_113' title='bbox 451 1921 482 1974; x_wconf 90' lang='lat' dir='ltr'><strong>et</strong></span> <span class='ocrx_word' id='word_1_114' title='bbox 504 1923 615 1975; x_wconf 84' lang='lat' dir='ltr'><strong>eontra</strong></span> <span class='ocrx_word' id='word_1_115' title='bbox 636 1936 773 1981; x_wconf 86' lang='lat' dir='ltr'><strong>sensum.</strong></span> <span class='ocrx_word' id='word_1_116' title='bbox 807 1920 899 2001; x_wconf 91' lang='grc'><strong>(0.)</strong></span> 
     </span>
    </p>

    <p class='ocr_par' dir='ltr' id='par_1_8' title="bbox 122 2003 1136 2834">
     <span class='ocr_line' id='line_1_17' title="bbox 122 2003 1107 2126; baseline 0.027 -53"><span class='ocrx_word' id='word_1_117' title='bbox 122 2006 204 2094; x_wconf 69' lang='grc'><strong>7)“</strong></span> <span class='ocrx_word' id='word_1_118' title='bbox 187 2003 316 2103; x_wconf 80' lang='grc' dir='ltr'><em>ω’ςιτερ</em></span> <span class='ocrx_word' id='word_1_119' title='bbox 352 2007 449 2080; x_wconf 77' lang='grc' dir='ltr'><em>οὐδὲ</em></span> <span class='ocrx_word' id='word_1_120' title='bbox 479 2009 526 2080; x_wconf 86' lang='grc' dir='ltr'><strong>τὸ</strong></span> <span class='ocrx_word' id='word_1_121' title='bbox 557 2015 667 2083; x_wconf 78' lang='grc' dir='ltr'><em>ε’ῐναι</em></span> <span class='ocrx_word' id='word_1_122' title='bbox 705 2019 901 2089; x_wconf 74' lang='lat' dir='ltr'><strong>diuodt&#39;</strong></span> <span class='ocrx_word' id='word_1_123' title='bbox 878 2051 902 2106; x_wconf 89' lang='grc' dir='ltr'><em>η</em></span> <span class='ocrx_word' id='word_1_124' title='bbox 932 2028 1107 2126; x_wconf 75' lang='grc' dir='ltr'><em>λογικῳ]</em></span> 
     </span>
     <span class='ocr_line' id='line_1_18' title="bbox 186 2105 1136 2201; baseline 0.025 -23"><span class='ocrx_word' id='word_1_125' title='bbox 186 2113 331 2196; x_wconf 73' lang='lat' dir='ltr'><strong>Respicit</strong></span> <span class='ocrx_word' id='word_1_126' title='bbox 359 2128 471 2180; x_wconf 78' lang='lat' dir='ltr'><strong>auctor</strong></span> <span class='ocrx_word' id='word_1_127' title='bbox 499 2117 566 2180; x_wconf 83' lang='lat' dir='ltr'><strong>siue</strong></span> <span class='ocrx_word' id='word_1_128' title='bbox 588 2120 685 2184; x_wconf 87' lang='lat' dir='ltr'><strong>dubio</strong></span> <span class='ocrx_word' id='word_1_129' title='bbox 707 2127 747 2186; x_wconf 77' lang='lat' dir='ltr'><strong>ad</strong></span> <span class='ocrx_word' id='word_1_130' title='bbox 768 2125 980 2195; x_wconf 84' lang='lat' dir='ltr'><strong>definitionem</strong></span> <span class='ocrx_word' id='word_1_131' title='bbox 1001 2105 1106 2201; x_wconf 80' lang='lat' dir='ltr'><strong>houii-</strong></span> <span class='ocrx_word' id='word_1_132' title='bbox 1132 2133 1136 2140; x_wconf 76' lang='grc'><strong>’</strong></span> 
     </span>
     <span class='ocr_line' id='line_1_19' title="bbox 186 2216 1106 2318; baseline 0.026 -38"><span class='ocrx_word' id='word_1_133' title='bbox 186 2216 235 2280; x_wconf 83' lang='lat' dir='ltr'><strong>uis</strong></span> <span class='ocrx_word' id='word_1_134' title='bbox 257 2217 519 2296; x_wconf 53' lang='lat' dir='ltr'><strong>plumemus</strong></span> <span class='ocrx_word' id='word_1_135' title='bbox 509 2219 633 2286; x_wconf 78' lang='lat' dir='ltr'><strong>trrisam</strong></span> <span class='ocrx_word' id='word_1_136' title='bbox 654 2245 673 2286; x_wconf 81' lang='grc' dir='ltr'><em>ε</em></span> <span class='ocrx_word' id='word_1_137' title='bbox 696 2224 843 2311; x_wconf 84' lang='lat' dir='ltr'><strong>Diogene</strong></span> <span class='ocrx_word' id='word_1_138' title='bbox 866 2229 991 2312; x_wconf 81' lang='lat' dir='ltr'><strong>Cynico</strong></span> <span class='ocrx_word' id='word_1_139' title='bbox 1020 2239 1106 2318; x_wconf 83' lang='lat' dir='ltr'><strong>(vide</strong></span> 
     </span>
     <span class='ocr_line' id='line_1_20' title="bbox 184 2319 1106 2425; baseline 0.028 -43"><span class='ocrx_word' id='word_1_140' title='bbox 184 2319 286 2404; x_wconf 87' lang='lat' dir='ltr'><strong>Diog.</strong></span> <span class='ocrx_word' id='word_1_141' title='bbox 309 2323 421 2385; x_wconf 85' lang='lat' dir='ltr'><strong>Laert.</strong></span> <span class='ocrx_word' id='word_1_142' title='bbox 445 2321 522 2386; x_wconf 88' lang='lat' dir='ltr'><strong>Lib.</strong></span> <span class='ocrx_word' id='word_1_143' title='bbox 546 2323 609 2388; x_wconf 90' lang='lat' dir='ltr'><strong>Vl.</strong></span> <span class='ocrx_word' id='word_1_144' title='bbox 640 2331 672 2402; x_wconf 83' lang='lat'><strong>§.</strong></span> <span class='ocrx_word' id='word_1_145' title='bbox 696 2328 764 2408; x_wconf 81' lang='lat' dir='ltr'><strong>tu)</strong></span> <span class='ocrx_word' id='word_1_146' title='bbox 799 2326 1106 2425; x_wconf 60' lang='lat' dir='ltr'><strong>”Arduum-{dou</strong></span> 
     </span>
     <span class='ocr_line' id='line_1_21' title="bbox 183 2421 1106 2520; baseline 0.025 -33"><span class='ocrx_word' id='word_1_147' title='bbox 183 2421 346 2514; x_wconf 74' lang='grc' dir='ltr'><em>ἄπτεροι,</em></span> <span class='ocrx_word' id='word_1_148' title='bbox 367 2425 501 2505; x_wconf 81' lang='grc' dir='ltr'><em>διίιοιιν,</em></span> <span class='ocrx_word' id='word_1_149' title='bbox 524 2423 823 2516; x_wconf 80' lang='grc' dir='ltr'><em>πλατυώνυχον,</em></span> <span class='ocrx_word' id='word_1_150' title='bbox 802 2457 822 2498; x_wconf 94' lang='grc' dir='ltr'><em>ο</em></span> <span class='ocrx_word' id='word_1_151' title='bbox 842 2430 946 2520; x_wconf 89' lang='grc' dir='ltr'><em>μόνον</em></span> <span class='ocrx_word' id='word_1_152' title='bbox 966 2441 1030 2508; x_wconf 79' lang='grc' dir='ltr'><strong>τῶν</strong></span> <span class='ocrx_word' id='word_1_153' title='bbox 1050 2439 1106 2510; x_wconf 86' lang='grc' dir='ltr'><strong>όν</strong></span> 
     </span>
     <span class='ocr_line' id='line_1_22' title="bbox 184 2521 1106 2617; baseline 0.024 -28"><span class='ocrx_word' id='word_1_154' title='bbox 184 2549 249 2591; x_wconf 89' lang='grc' dir='ltr'><strong>των</strong></span> <span class='ocrx_word' id='word_1_155' title='bbox 263 2521 461 2613; x_wconf 76' lang='grc' dir='ltr'><em>ἐπιστήμης,</em></span> <span class='ocrx_word' id='word_1_156' title='bbox 482 2531 540 2610; x_wconf 84' lang='grc' dir='ltr'><strong>τῆς</strong></span> <span class='ocrx_word' id='word_1_157' title='bbox 561 2525 770 2617; x_wconf 75' lang='grc' dir='ltr'><em>κατὰλόγον</em></span> <span class='ocrx_word' id='word_1_158' title='bbox 791 2533 977 2606; x_wconf 77' lang='grc' dir='ltr'><em>ὃειιτιιιόν</em></span> <span class='ocrx_word' id='word_1_159' title='bbox 960 2559 1048 2609; x_wconf 87' lang='grc' dir='ltr'><em>εστι·</em></span> <span class='ocrx_word' id='word_1_160' title='bbox 1069 2560 1106 2610; x_wconf 86' lang='lat' dir='ltr'><strong>ut</strong></span> 
     </span>
     <span class='ocr_line' id='line_1_23' title="bbox 183 2626 1103 2732; baseline 0.022 -44"><span class='ocrx_word' id='word_1_161' title='bbox 183 2626 348 2712; x_wconf 80' lang='lat' dir='ltr'><strong>legimue&#39;</strong></span> <span class='ocrx_word' id='word_1_162' title='bbox 339 2652 371 2691; x_wconf 88' lang='grc' dir='ltr'><strong>ιιι</strong></span> <span class='ocrx_word' id='word_1_163' title='bbox 392 2631 637 2699; x_wconf 81' lang='lat' dir='ltr'><strong>Definitionibus</strong></span> <span class='ocrx_word' id='word_1_164' title='bbox 658 2635 787 2706; x_wconf 83' lang='lat' dir='ltr'><strong>Platoni</strong></span> <span class='ocrx_word' id='word_1_165' title='bbox 808 2641 1011 2726; x_wconf 73' lang='lat' dir='ltr'><strong>adscriptis(</strong></span> <span class='ocrx_word' id='word_1_166' title='bbox 997 2646 1103 2732; x_wconf 87' lang='lat' dir='ltr'><strong>(.Opp</strong></span> 
     </span>
     <span class='ocr_line' id='line_1_24' title="bbox 185 2733 1104 2834; baseline 0.024 -41"><span class='ocrx_word' id='word_1_167' title='bbox 185 2733 283 2794; x_wconf 84' lang='grc' dir='ltr'><em>Τοιο.</em></span> <span class='ocrx_word' id='word_1_168' title='bbox 307 2733 407 2800; x_wconf 88' lang='lat' dir='ltr'><strong>Vlll.</strong></span> <span class='ocrx_word' id='word_1_169' title='bbox 397 2755 507 2821; x_wconf 76' lang='lat' dir='ltr'><strong>..pag</strong></span> <span class='ocrx_word' id='word_1_170' title='bbox 530 2737 569 2799; x_wconf 76' lang='lat'><strong>27</strong></span> <span class='ocrx_word' id='word_1_171' title='bbox 575 2739 606 2800; x_wconf 84' lang='lat'><strong>7</strong></span> <span class='ocrx_word' id='word_1_172' title='bbox 629 2739 681 2801; x_wconf 85' lang='lat' dir='ltr'><strong>ed.</strong></span> <span class='ocrx_word' id='word_1_173' title='bbox 703 2738 797 2822; x_wconf 84' lang='lat' dir='ltr'><strong>Lips.</strong></span> <span class='ocrx_word' id='word_1_174' title='bbox 820 2763 875 2827; x_wconf 77' lang='lat' dir='ltr'><strong>ap.</strong></span> <span class='ocrx_word' id='word_1_175' title='bbox 898 2745 1104 2834; x_wconf 78' lang='lat' dir='ltr'><strong>Tauchnitz.)</strong></span> 
     </span>
    </p>

    <p class='ocr_par' dir='ltr' id='par_1_9' title="bbox 117 2931 1104 3330">
     <span class='ocr_line' id='line_1_25' title="bbox 117 2931 1103 3024; baseline 0.025 -26"><span class='ocrx_word' id='word_1_176' title='bbox 117 2936 154 3016; x_wconf 86' lang='grc'><strong>8)</strong></span> <span class='ocrx_word' id='word_1_177' title='bbox 183 2938 260 3003; x_wconf 83' lang='grc' dir='ltr'><strong>τῶν</strong></span> <span class='ocrx_word' id='word_1_178' title='bbox 280 2931 580 3024; x_wconf 79' lang='grc' dir='ltr'><em>ὑγιαινόντων]</em></span> <span class='ocrx_word' id='word_1_179' title='bbox 602 2942 736 3006; x_wconf 85' lang='lat' dir='ltr'><strong>Aldinae</strong></span> <span class='ocrx_word' id='word_1_180' title='bbox 751 2957 782 3008; x_wconf 90' lang='lat' dir='ltr'><strong>et</strong></span> <span class='ocrx_word' id='word_1_181' title='bbox 802 2945 978 3013; x_wconf 65' lang='lat' dir='ltr'><strong>carel.</strong></span> <span class='ocrx_word' id='word_1_182' title='bbox 932 2955 1103 3022; x_wconf 78' lang='grc' dir='ltr'><em>τωνὲιτιιι-</em></span> 
     </span>
     <span class='ocr_line' id='line_1_26' title="bbox 183 3034 1104 3124; baseline 0.017 -18"><span class='ocrx_word' id='word_1_183' title='bbox 183 3034 334 3108; x_wconf 84' lang='grc' dir='ltr'><em>νοόντων.</em></span> <span class='ocrx_word' id='word_1_184' title='bbox 362 3043 451 3106; x_wconf 87' lang='lat' dir='ltr'><strong>Male</strong></span> <span class='ocrx_word' id='word_1_185' title='bbox 472 3055 504 3106; x_wconf 91' lang='lat' dir='ltr'><strong>et</strong></span> <span class='ocrx_word' id='word_1_186' title='bbox 525 3056 637 3108; x_wconf 83' lang='lat' dir='ltr'><strong>contra</strong></span> <span class='ocrx_word' id='word_1_187' title='bbox 659 3068 796 3112; x_wconf 85' lang='lat' dir='ltr'><strong>sensum.</strong></span> <span class='ocrx_word' id='word_1_188' title='bbox 832 3052 896 3116; x_wconf 86' lang='lat' dir='ltr'><strong>Sed</strong></span> <span class='ocrx_word' id='word_1_189' title='bbox 918 3074 1027 3119; x_wconf 89' lang='lat' dir='ltr'><strong>verum</strong></span> <span class='ocrx_word' id='word_1_190' title='bbox 1041 3057 1104 3124; x_wconf 81' lang='lat' dir='ltr'><strong>iam</strong></span> 
     </span>
     <span class='ocr_line' id='line_1_27' title="bbox 165 3125 1103 3236; baseline 0.019 -33"><span class='ocrx_word' id='word_1_191' title='bbox 165 3125 299 3208; x_wconf 52' lang='lat' dir='ltr'><strong>&#39;habeut</strong></span> <span class='ocrx_word' id='word_1_192' title='bbox 320 3143 428 3208; x_wconf 78' lang='lat' dir='ltr'><strong>Havn.</strong></span> <span class='ocrx_word' id='word_1_193' title='bbox 452 3147 561 3212; x_wconf 85' lang='lat' dir='ltr'><strong>Lond.</strong></span> <span class='ocrx_word' id='word_1_194' title='bbox 595 3157 627 3211; x_wconf 88' lang='lat' dir='ltr'><strong>et</strong></span> <span class='ocrx_word' id='word_1_195' title='bbox 648 3149 822 3236; x_wconf 82' lang='lat' dir='ltr'><strong>Bagolinus</strong></span> <span class='ocrx_word' id='word_1_196' title='bbox 853 3167 979 3218; x_wconf 77' lang='lat' dir='ltr'><strong>vertens</strong></span> <span class='ocrx_word' id='word_1_197' title='bbox 1011 3163 1103 3226; x_wconf 81' lang='lat' dir='ltr'><strong>velut</strong></span> 
     </span>
     <span class='ocr_line' id='line_1_28' title="bbox 184 3243 459 3330; baseline 0.022 -24"><span class='ocrx_word' id='word_1_198' title='bbox 184 3243 220 3307; x_wconf 85' lang='lat' dir='ltr'><strong>r&#39;u</strong></span> <span class='ocrx_word' id='word_1_199' title='bbox 239 3252 342 3316; x_wconf 83' lang='grc' dir='ltr'><em>εοιιίε.</em></span> <span class='ocrx_word' id='word_1_200' title='bbox 385 3247 459 3330; x_wconf 83' lang='lat'><strong>(0.)</strong></span> 
     </span>
    </p>

    <p class='ocr_par' dir='ltr' id='par_1_10' title="bbox 119 3343 1100 3534">
     <span class='ocr_line' id='line_1_29' title="bbox 119 3343 1100 3449; baseline 0.016 -37"><span class='ocrx_word' id='word_1_201' title='bbox 119 3347 154 3427; x_wconf 81' lang='grc'><strong>9)</strong></span> <span class='ocrx_word' id='word_1_202' title='bbox 182 3344 281 3426; x_wconf 78' lang='grc' dir='ltr'><em>τοὺς</em></span> <span class='ocrx_word' id='word_1_203' title='bbox 299 3343 353 3436; x_wconf 81' lang='grc' dir='ltr'><strong>μὴ</strong></span> <span class='ocrx_word' id='word_1_204' title='bbox 374 3350 627 3436; x_wconf 83' lang='grc' dir='ltr'><em>νοσοῦντας]</em></span> <span class='ocrx_word' id='word_1_205' title='bbox 650 3351 785 3420; x_wconf 87' lang='lat' dir='ltr'><strong>Aldinae</strong></span> <span class='ocrx_word' id='word_1_206' title='bbox 807 3355 953 3424; x_wconf 86' lang='lat' dir='ltr'><strong>omittunt</strong></span> <span class='ocrx_word' id='word_1_207' title='bbox 964 3355 1012 3449; x_wconf 79' lang='grc' dir='ltr'><strong>μὴ</strong></span> <span class='ocrx_word' id='word_1_208' title='bbox 1026 3384 1100 3448; x_wconf 82' lang='lat' dir='ltr'><strong>per·</strong></span> 
     </span>
     <span class='ocr_line' id='line_1_30' title="bbox 183 3449 391 3534; baseline 0.014 -20"><span class='ocrx_word' id='word_1_209' title='bbox 183 3449 273 3515; x_wconf 74' lang='lat' dir='ltr'><strong>time.</strong></span> <span class='ocrx_word' id='word_1_210' title='bbox 316 3451 391 3534; x_wconf 90' lang='grc' dir='ltr'><strong>(Ο.)</strong></span> 
     </span>
    </p>
   </div>
   <div class='ocr_carea' id='block_1_3' title="bbox 100 3539 1100 3857">
    <p class='ocr_par' dir='ltr' id='par_1_11' title="bbox 100 3539 1100 3845">
     <span class='ocr_line' id='line_1_31' title="bbox 119 3539 1100 3655; baseline 0.019 -38"><span class='ocrx_word' id='word_1_211' title='bbox 119 3553 178 3634; x_wconf 77' lang='lat' dir='ltr'><strong>tta)</strong></span> <span class='ocrx_word' id='word_1_212' title='bbox 200 3555 234 3620; x_wconf 89' lang='grc' dir='ltr'><strong>εἰ</strong></span> <span class='ocrx_word' id='word_1_213' title='bbox 255 3559 327 3621; x_wconf 80' lang='grc' dir='ltr'><strong>καὶ</strong></span> <span class='ocrx_word' id='word_1_214' title='bbox 354 3555 415 3623; x_wconf 84' lang='grc' dir='ltr'><strong>ἔτι</strong></span> <span class='ocrx_word' id='word_1_215' title='bbox 441 3539 620 3643; x_wconf 80' lang='grc' dir='ltr'><em>μάλλον]</em></span> <span class='ocrx_word' id='word_1_216' title='bbox 663 3561 755 3646; x_wconf 83' lang='lat' dir='ltr'><strong>Lege</strong></span> <span class='ocrx_word' id='word_1_217' title='bbox 776 3557 798 3644; x_wconf 82' lang='grc' dir='ltr'><strong><em>ἢ</em></strong></span> <span class='ocrx_word' id='word_1_218' title='bbox 818 3563 874 3631; x_wconf 83' lang='grc' dir='ltr'><strong>καλ</strong></span> <span class='ocrx_word' id='word_1_219' title='bbox 895 3561 944 3633; x_wconf 84' lang='grc' dir='ltr'><strong>ἔτι</strong></span> <span class='ocrx_word' id='word_1_220' title='bbox 964 3564 1100 3655; x_wconf 80' lang='grc' dir='ltr'><em>μᾶλλον.</em></span> 
     </span>
     <span class='ocr_line' id='line_1_32' title="bbox 185 3655 446 3739; baseline 0.004 -19"><span class='ocrx_word' id='word_1_221' title='bbox 185 3655 302 3731; x_wconf 77' lang='lat' dir='ltr'><strong>(Casu.</strong></span> <span class='ocrx_word' id='word_1_222' title='bbox 325 3659 446 3739; x_wconf 83' lang='lat' dir='ltr'><strong>Orell.)</strong></span> 
     </span>
     <span class='ocr_line' id='line_1_33' title="bbox 100 3753 976 3857; baseline 0.015 -37"><span class='ocrx_word' id='word_1_223' title='bbox 100 3757 156 3833; x_wconf 79' lang='lat'><strong>10)</strong></span> <span class='ocrx_word' id='word_1_224' title='bbox 182 3753 291 3823; x_wconf 67' lang='lat' dir='ltr'><strong>iver)</strong></span> <span class='ocrx_word' id='word_1_225' title='bbox 313 3783 365 3848; x_wconf 90' lang='grc' dir='ltr'><strong>τω</strong></span> <span class='ocrx_word' id='word_1_226' title='bbox 351 3759 614 3845; x_wconf 74' lang='grc' dir='ltr'><em>γίνεσθαι]</em></span> <span class='ocrx_word' id='word_1_227' title='bbox 652 3757 759 3825; x_wconf 82' lang='lat' dir='ltr'><strong>Casel.</strong></span> <span class='ocrx_word' id='word_1_228' title='bbox 784 3763 899 3830; x_wconf 87' lang='lat' dir='ltr'><strong>omittit</strong></span> <span class='ocrx_word' id='word_1_229' title='bbox 921 3767 976 3857; x_wconf 77' lang='grc' dir='ltr'><strong>τῷ.</strong></span> 
     </span>
    </p>
   </div>
   <div class='ocr_carea' id='block_1_4' title="bbox 101 3837 1107 3990">
    <p class='ocr_par' dir='ltr' id='par_1_12' title="bbox 101 3837 1107 3990">
     <span class='ocr_line' id='line_1_34' title="bbox 101 3837 1107 3990; baseline 0.021 -71"><span class='ocrx_word' id='word_1_230' title='bbox 101 3861 154 3936; x_wconf 82' lang='lat' dir='ltr'><strong>tt)</strong></span> <span class='ocrx_word' id='word_1_231' title='bbox 183 3859 235 3950; x_wconf 79' lang='lat' dir='ltr'><strong>tui</strong></span> <span class='ocrx_word' id='word_1_232' title='bbox 266 3855 475 3954; x_wconf 76' lang='grc' dir='ltr'><em>ἀνθρώπω</em></span> <span class='ocrx_word' id='word_1_233' title='bbox 508 3864 743 3952; x_wconf 66' lang='grc' dir='ltr'><em>συμφῦναι]</em></span> <span class='ocrx_word' id='word_1_234' title='bbox 788 3867 893 3940; x_wconf 83' lang='lat' dir='ltr'><strong>llavu.</strong></span> <span class='ocrx_word' id='word_1_235' title='bbox 913 3837 1049 3990; x_wconf 78' lang='lat' dir='ltr'><strong>Aldinae</strong></span> <span class='ocrx_word' id='word_1_236' title='bbox 1074 3885 1107 3940; x_wconf 82' lang='lat' dir='ltr'><strong>et</strong></span> 
     </span>
    </p>
   </div>
   <div class='ocr_carea' id='block_1_5' title="bbox 0 0 1364 4506">
    <p class='ocr_par' dir='ltr' id='par_1_13' title="bbox 0 0 1364 4506">
     <span class='ocr_line' id='line_1_35' title="bbox 0 0 1364 4506; baseline 0 1"><span class='ocrx_word' id='word_1_237' title='bbox 0 0 1364 4506; x_wconf 95' lang='lat' dir='ltr'><strong> </strong></span> 
     </span>
    </p>
   </div>
  </div>
 </body>
</html>
