2748 4514
1077 371 1135 434 tot

124 533 250 609 dicunt,
277 532 325 616 ad⁸
341 529 418 594 nibil
435 530 512 594 boni
530 531 665 612 Pythius
688 533 772 598 Laio
796 536 878 600 utilis
899 535 973 602 suit.
1016 539 1055 604 In
1069 542 1138 604 hoo

125 636 206 700 enirn
232 634 321 720 agit,
360 633 393 696 in
414 634 477 696 hoe
505 633 631 716 laborat
657 636 779 714 omnia,
819 661 858 704 ne
885 642 961 725 quid
981 640 1069 725 impii
1097 666 1139 706 ao

124 737 251 802 nefandi
285 739 398 800 domus
435 736 495 818 ista
535 738 678 822 effugiat.
745 740 834 820 Quae
867 745 993 808 audiens
1023 746 1133 830 aliquis

126 861 229 906 nonne
265 839 368 924 magis
395 838 480 921 piam
503 839 618 903 dixerit
644 829 777 923 Epicuri
802 847 986 910 sententiam
1015 851 1053 912 de
1075 850 1134 912 im-

94 985 97 992 ·
125 944 260 1025 proviso
284 954 399 1006 cuncta
416 941 505 1018 fieri,
535 965 628 1025 quam
651 945 746 1006 talem
765 947 1020 1028 providentiam?
1042 952 1135 1032 Quo·

126 1048 220 1111 modo
249 1066 332 1108 vero
365 1047 443 1108 haec
470 1044 552 1107 inter
584 1067 617 1108 se
647 1051 860 1126 concordant,
896 1051 1000 1116 Deum
1030 1054 1134 1118 dicere

125 1170 192 1212 esse
222 1149 358 1224 Fatum,
397 1169 530 1232 eumque
565 1148 611 1212 uti
645 1149 681 1214 iis
715 1172 795 1233 quae
826 1165 898 1216 sunt
933 1156 1074 1240 fiuntque
1102 1159 1135 1220 in

125 1251 256 1316 Mundo
294 1253 334 1314 ad
361 1253 613 1315 conservandum
640 1265 707 1314 tum
730 1255 886 1318 Mundum
916 1256 1037 1348 ipsum,
1067 1271 1133 1346 turp

127 1375 240 1418 eorum
263 1374 344 1438 quae
369 1353 463 1417 ineo
488 1366 577 1429 sunt,
610 1354 769 1432 ordinem,
802 1371 895 1442 atque
916 1360 1041 1426 interim
1061 1362 1160 1428 talia.

127 1459 166 1520 de
185 1457 268 1520 Fato
290 1455 415 1533 dicere,
448 1454 562 1520 absumi
584 1479 695 1540 nempe
718 1460 757 1522 ab
782 1483 821 1524 eo
843 1465 882 1524 ad
905 1464 1052 1534 actiones,
1069 1488 1134 1530 ma-

124 1559 208 1639 xime
223 1558 460 1634 abominandas‚
487 1560 529 1624 ob
544 1559 656 1645 ingens
676 1583 753 1646 erga
775 1563 843 1626 illas
863 1567 1016 1643 studium,
1041 1569 1133 1632 etiam

124 1662 277 1744 Pythium
305 1661 505 1724 adiutorem?
544 1663 599 1725 Ad
619 1686 751 1746 quarum
774 1655 855 1730 enim
877 1689 983 1730 rerum
1006 1692 1134 1734 conser-

125 1765 286 1830 vationem
317 1764 420 1828 dicent
444 1765 557 1830 Fatum
582 1788 673 1827 usum
705 1767 803 1830 fuisse
828 1770 926 1850 patris
954 1775 1048 1836 caede
1074 1795 1133 1853 per

124 1867 350 1942 tinnulam,
375 1866 500 1929 incestis
527 1867 642 1949 nuptiis
665 1869 722 1930 lilii
748 1891 818 1934 eum
837 1884 959 1948 matre,
990 1886 1020 1936 et
1038 1895 1134 1958 gene·
1212 1887 1215 1894 ’

123 1972 247 2036 ratione
269 1971 411 2034 filiorum
432 1969 531 2051 patris
559 1970 651 2034 simul
676 1992 713 2034 ac
733 1972 870 2035 fratris?
907 1975 991 2054 Quid
1018 1978 1134 2039 horum

21 2108 25 2117 ·
126 2076 281 2158 estquod
300 2075 340 2136 ad
362 2073 469 2136 mundi
494 2073 755 2156 gubernationem
777 2076 863 2138 credi
883 2091 993 2159 posset
1015 2079 1133 2164 aliquid

123 2179 262 2242 salutare
290 2176 437 2252 adferre,
473 2188 507 2238 ut
530 2175 622 2239 ctiam
646 2177 770 2258 Apollo
792 2178 901 2242 timere
924 2183 1070 2258 deberet,
1094 2205 1136 2245 nc

126 2283 204 2366 quid
222 2303 335 2344 eorum
358 2291 499 2344 maneret
515 2277 689 2342 infectum?
724 2281 778 2342 An
796 2281 856 2346 ista
881 2284 913 2346 ni
934 2285 1130 2360 evenissent,

126 2384 384 2467 impedimentum
412 2381 444 2446 id
471 2381 612 2444 futurum
640 2383 744 2446 fuerat
766 2384 927 2447 hominum
948 2387 1134 2451 habitationi

125 2510 185 2572 per
219 2487 339 2570 oppida
368 2495 399 2547 et
433 2506 558 2569 pagos,
605 2496 657 2546 aut
693 2487 915 2566 perpetrandis
953 2489 1131 2566 elementis«,

126 2593 221 2670 unde,
243 2600 370 2654 constat
401 2586 453 2650 hic
481 2588 635 2663 mundus,
675 2600 728 2650 alit
761 2589 940 2650 caelestium
962 2612 1135 2672 corporum

128 2695 294 2760 ordinatae
318 2713 355 2753 ac
376 2690 507 2774 perenni
527 2690 696 2766 rotationi,
721 2703 774 2752 aut
788 2690 879 2752 alicui
893 2679 1000 2754 earum
1015 2715 1132 2769 rerum,

127 2819 186 2880 per
208 2817 288 2880 quas
311 2793 531 2870 constituitur,
556 2804 608 2854 aut
629 2793 752 2856 ratione
768 2796 963 2877 gubernatur
977 2799 1133 2858 mundus?

128 2901 198 2964 Pro
221 2911 314 2962 certo
338 2897 430 2960 etiam
451 2898 644 2971 habendum,
679 2896 706 2958 si
728 2895 818 2958 aliam
840 2895 975 2980 aliquam
995 2899 1135 2962 fabulam

130 3001 308 3066 audiverint
324 3022 342 3062 a
356 2999 592 3084 tragoediarum
607 2997 763 3079 scriptore
786 2998 911 3082 aliquo,
937 3000 1050 3082 quibus
1066 3024 1134 3062 mos

130 3117 177 3170 est
197 3105 273 3168 talia
294 3103 439 3186 fingere,
477 3114 553 3184 puta
582 3101 743 3176 mulierem
766 3123 847 3183 quae
870 3124 928 3184 per
952 3104 1135 3165 aemulatio-

131 3229 200 3274 nem
229 3205 397 3270 insidietur
429 3205 536 3268 alienis
565 3203 696 3280 liberis,
736 3203 903 3273 interliciat
933 3226 1010 3268 vero
1040 3227 1133 3282 suos,

132 3323 183 3374 aut
205 3311 358 3374 miserum
379 3328 482 3370 senem
500 3309 672 3388 Thyestem
694 3328 824 3373 suorum
848 3307 1021 3369 liberorum
1043 3328 1138 3372 carne

133 3426 325 3487 vescentem,
349 3411 452 3474 Atreo
468 3411 698 3474 scilicctsratre
714 3410 792 3471 tales
816 3408 845 3471 ei
866 3421 1037 3490 apparente
1060 3432 1138 3491 epu,

133 3519 193 3594 las,
225 3514 405 3580 credituros
426 3513 498 3577 illos
521 3512 587 3577 istis
608 3512 723 3576 sabulis
745 3523 892 3594 tanquam
913 3512 1008 3574 rebus
1031 3514 1134 3590 veris,

133 3633 162 3684 et
182 3643 243 3704 per
265 3618 321 3682 illa
342 3627 560 3680 exstructuros
576 3617 690 3680 Fatum
711 3635 818 3690 suum,
842 3635 880 3674 ac
890 3613 1133 3694 providentiam,

132 3737 281 3808 tanquam
303 3721 337 3784 id
359 3719 511 3784 haberent
531 3718 752 3802 propositum,
791 3737 872 3800 quae
895 3718 1059 3780 adstruunt
1079 3741 1137 3800 por

132 3845 272 3910 eaquae
295 3825 459 3884 adstruunt
482 3835 638 3888 evertere.
673 3820 773 3902 Atqui
797 3820 895 3884 multo
919 3831 985 3884 erat
1008 3822 1135 3904 aequius

123 3931 204 4014 ¹istas
228 3924 429 3992 narrationes
451 3924 580 3990 relicere
603 3935 737 4006 propter
767 3925 885 3988 absona
913 3945 991 4008 quae
1025 3946 1135 3987 cousc-
