2718 4506
263 301 326 368 301

346 468 428 555 μίαν
449 462 619 534 ἀπόδοσιν.
645 466 708 530 Sed
729 465 792 532 τῶν
813 461 927 532 ἆιτίοιν
946 463 1037 533 unice
1059 487 1174 532 verunt
1199 485 1271 532 esse
1336 418 1337 470 i

350 593 421 634 curn
443 568 601 654 sequentia
624 572 760 644 docent,
783 579 849 631 turn
870 568 903 630 in
926 567 1047 634 Codice
1070 589 1130 633 suo
1152 569 1268 632 ita'le-

350 673 433 758 gisae
455 673 580 735 videtur
602 670 775 754 Bagolinus
798 680 946 732 vertens:
982 672 1043 754 qui
1067 673 1135 734 doc
1163 671 1269 734 modo

351 795 538 840 causarum
556 774 820 854 assignationem
827 770 986 849 fuciunt.
1033 771 1268 833 Schulthessius

346 873 513 962 Ἰσθμίων
538 893 667 936 servans
685 871 727 933 ita
749 870 906 933 reddidit:
950 869 1098 935 thrden
1111 873 1187 932 sicli
1210 893 1271 933 un·

344 1000 415 1043 sere
439 977 566 1058 Geguer
584 975 678 1035 nicht
699 972 886 1034 ldelrerlielt
910 973 1075 1047 macheu,
1107 991 1204 1032 wenn
1223 971 1269 1033 sie
1338 1030 1339 1050 p

347 1078 409 1140 den
439 1073 553 1138 Grund
577 1070 728 1152 angeheri
757 1069 906 1147 werden,
950 1090 1079 1132 warum
1100 1073 1191 1144 jetzt
1219 1067 1270 1130 die

346 1174 563 1242 Isthmisehen
584 1169 813 1249 Wettuta'mpfe
833 1169 993 1252 gehelten
1013 1168 1153 1232 werden.
1197 1167 1268 1246 (0.)

288 1276 322 1356 3)
352 1270 588 1340 deciderim
610 1267 676 1348 τὸ]
700 1270 749 1331 Ita
773 1267 926 1332 Caselius.·
941 1266 1067 1331 Caeteri
1082 1264 1269 1336 οἳιτιᾶοθαι

353 1376 422 1442 τοῦ.
458 1374 530 1453 (Ο.)
575 1373 621 1434 At
648 1371 700 1434 hic
721 1372 818 1456 longe
839 1371 948 1434 melius
968 1372 1071 1456 habet
1086 1372 1267 1436 Genitivus.

353 1478 451 1542 Plura
473 1474 615 1555 exempla
637 1473 878 1553 constructionis
893 1469 1076 1540 ἆιτιοῖοθαί
1089 1469 1169 1552 τινά
1184 1499 1268 1552 τινος

353 1581 486 1665 praebet
509 1576 659 1659 Stephani
681 1576 876 1639 Thesaurus.
920 1579 1031 1657 (Oasp.
1054 1580 1177 1650 Orell.)

291 1687 324 1767 d)
353 1677 470 1763 τύξιν
485 1677 587 1748 τινὰ
607 1680 805 1767 ἐχουσῶν]
827 1679 1103 1745 ItaMon.Casel.
1120 1683 1267 1747 etLond.

324 1851 330 1876 ἱ
355 1781 447 1867 τάξιν
468 1781 543 1850 τινὰ
563 1782 673 1872 ἔχουσι
693 1783 802 1846 Havn.
825 1794 856 1845 et
876 1782 1023 1847 Aldinae.

292 1890 327 1972 t)
356 1889 428 1971 τῆς
449 1887 526 1954 τῶν
546 1887 703 1976 καιρῶν
722 1886 980 1972 μεταβολῆς]
1002 1887 1179 1956 ItaHavn.
1194 1887 1268 1952 Ald.

243 2053 248 2061 .
357 1993 390 2056 2.
413 1989 561 2075 Bagolin.
586 2001 617 2052 et
640 1988 782 2051 Grotius.
814 1989 870 2069 τῆς
892 1989 954 2060 τῶν,
975 1990 1109 2080 καρπῶν
1127 1988 1269 2086 μεταβο-

356 2095 414 2172 λῆς
436 2095 512 2156 Ald.
531 2096 562 2153 1.
585 2103 616 2153 et
633 2093 741 2154 Lond.
954 2079 963 2094 '
1138 2175 1141 2179 Ι

190 2277 194 2290 ,
292 2195 327 2276 6)
357 2197 428 2260 τού
449 2195 576 2260 θείου
597 2188 811 2280 σώματος]
834 2193 930 2259 Solis.
953 2197 991 2261 In
1008 2198 1267 2280 praecedentibus
1301 2193 1302 2198 ¹

184 2282 186 2297 ¹
356 2318 417 2381 pro
440 2291 651 2363 ἀλλίἒκείνον
673 2296 806 2360 Aldinae
827 2299 943 2361 habent
964 2295 1033 2366 ἀλλ’
1057 2301 1194 2371 ἐκείνων.

297 2401 331 2482 t)
358 2396 466 2466 κατὰ
495 2393 717 2479 τόνλοξὸν
751 2395 922 2482 κύκλον]
966 2422 1027 2482 per
1060 2405 1266 2472 Zodr'acum.

358 2504 494 2568 Proclus
518 2505 555 2565 de
579 2502 720 2585 Sphaera
751 2525 827 2588 pag.
852 2505 905 2568 91.
946 2507 1009 2585 (ed.
1033 2507 1208 2592 Antwerp.
1231 2511 1268 2572 de

359 2629 441 2671 anno
465 2606 574 2686 1553.)
615 2601 724 2686 Λοξὸς
746 2608 782 2671 δέ
802 2609 870 2672 ἐστι
892 2601 1008 2685 κύκλος
1030 2603 1047 2674 ὁ
1070 2611 1135 2676 τῶν
1157 2614 1196 2697 ιβ
1215 2613 1270 2692 ζω-

358 2711 434 2777 etur
449 2720 480 2772 et
493 2708 600 2792 paullo
614 2720 706 2791 post:
729 2703 823 2791 λοξὸς
840 2711 879 2775 δὲ
900 2713 1050 2793 κέκληται
1074 2706 1092 2779 ὁ
1115 2709 1271 2794 ζωδιακὸς

359 2806 495 2890 κύκλος,
532 2807 589 2877 διὰ
619 2808 657 2878 τὸ
686 2814 811 2898 τέμνειν
837 2809 915 2890 τούς
942 2810 1177 2901 παραλλήλους
1198 2812 1271 2886 κύκ-

361 2917 448 2990 λους.
492 2913 565 2993 (0.)

299 3019 333 3101 8)
362 3011 518 3093 ιἰίτιος]
552 3015 605 3078 Sic
625 3016 704 3096 Ald.
721 3019 752 3079 1.
775 3027 806 3108 et
826 3019 935 3081 Lond.
959 3014 1065 3087 ἆίτιον
1086 3022 1164 3084 Ald.
1189 3023 1221 3087 2.
1244 3034 1274 3086 et

360 3118 469 3184 ‘Casel
513 3120 549 3182 ln
572 3118 771 3200 sequentibus
793 3120 898 3185 verbis
920 3125 975 3188 καλ
997 3113 1049 3189 ὅτι
1069 3119 1114 3208 pi
1136 3121 1196 3206 νύξ
1222 3128 1273 3188 de·

354 3224 487 3291 'lendum
520 3219 646 3282 videtur
682 3212 763 3310 ὅτι,1
787 3245 851 3306 quo
887 3236 1018 3307 recepto
1048 3225 1152 3291 oratio
1186 3229 1274 3293 fieret

363 3320 607 3400 ἆνακόλονθος.
650 3322 723 3403 (Ο.)
803 3318 804 3322 “

204 3499 206 3504 ,
297 3431 333 3510 9)
361 3429 641 3514 ἒμιιὲιιλεκται
664 3425 796 3493 ταῦτα
824 3423 1047 3510 ἀλλήλοις]
1092 3431 1146 3496 Sic
1167 3437 1296 3509 Haut.v

363 3532 446 3618 Edd.
470 3531 659 3616 ἐμπλέκεται
680 3553 710 3594 τ.
732 3556 765 3597 α.

282 3639 338 3717 10)
368 3631 418 3699 τὰ
439 3631 657 3720 dretaJVide
665 3655 743 3716 quae
756 3634 992 3700 observavimus
1001 3659 1096 3722 supra
1108 3639 1273 3706 aec.v1.

168 3761 175 3768 “
281 3749 335 3828 11)
363 3739 420 3813 tat
445 3741 576 3812 ἀυτῶν
597 3741 838 3836 λεγόμενος]
868 3747 1002 3812 Aldinae
1024 3741 1074 3814 ὑπ’
1099 3745 1205 3818 ἄντοῦ
1226 3755 1274 3819 λι-

363 3844 508 3938 γόμενος.
552 3848 651 3912 Male.
