2754 4510
1062 315 1124 380 tet

120 478 375 566 repudiandum)
416 479 541 546 moveri
579 491 685 546 tamen
713 479 857 548 concedit
891 481 969 547 illud
1002 481 1123 568 ipsum,

125 587 213 669 qnod
236 583 271 648 in
291 582 385 647 nobis
409 583 598 666 principium
619 595 723 650 motus
743 597 808 662 est,
843 598 874 650 et
898 607 918 649 a
941 588 1036 651 rebus
1065 608 1125 652 uos

122 678 416 759 circumstantibus,
440 696 472 748 ct
490 705 510 747 a
526 685 599 778 Deo
619 684 711 766 ipso,
733 687 834 754 sicubi
855 688 991 754 divinam
1008 709 1125 772 possu-

123 807 191 850 mus
216 781 490 846 manuductionem
515 784 652 867 assequi.
710 783 818 866 Atque
845 790 911 854 hoc
940 812 1007 856 esse
1032 792 1124 856 intel.

124 883 239 972 lectum
264 895 433 960 nostrum,
468 881 522 967 qui
541 884 700 948 sententiis
726 884 920 948 extrinsecus
944 886 1005 950 sibi
1024 892 1126 955 insitis

124 984 277 1068 reliquam
294 982 414 1046 animae
428 993 551 1063 partem
573 995 721 1060 moveat,-
745 986 939 1050 volentatem
955 984 1077 1050 scilicet
1093 1000 1126 1052 et

124 1097 290 1162 conatum,
314 1095 347 1147 et
365 1103 447 1166 qssac
467 1083 547 1146 haee
569 1096 745 1168 sequuntur
765 1085 859 1150 animi
879 1088 1122 1168 commotiones,

124 1187 275 1274 gaudium
296 1185 475 1261 internum,
508 1206 573 1250 non
595 1186 629 1250 id
653 1189 740 1269 quod
764 1209 806 1251 ex
832 1190 1069 1269 memoritur,
1093 1203 1126 1256 et

123 1287 354 1374 aegritudinem
379 1287 539 1366 similiter,
570 1299 603 1352 et
619 1309 709 1371 spem
731 1301 763 1352 et
779 1281 915 1369 metum,
945 1303 977 1356 ct
1001 1293 1124 1358 deside-

121 1392 225 1470 rium,
258 1402 290 1453 et
315 1389 413 1466 nam,
446 1389 511 1454 imo
542 1402 670 1474 praeter
697 1392 778 1456 haee
808 1393 901 1456 etiam
926 1393 1126 1481 imaginatio·

123 1515 208 1558 nem.
251 1493 343 1556 Haeo
364 1492 446 1556 euim
464 1504 537 1556 sunt
560 1513 641 1578 quae
666 1493 842 1558 intellectus
863 1507 975 1561 noster
1001 1509 1124 1576 movet,

123 1609 157 1662 et
178 1595 293 1681 quihus
314 1593 469 1678 imperat,
492 1594 688 1660 extrinsecus
712 1597 780 1680 ipse
800 1610 991 1663 commotus.
1035 1600 1128 1666 Haeo

122 1718 253 1784 quoque
293 1697 326 1761 in
366 1707 476 1761 nostra
514 1709 672 1780 potestate
712 1719 780 1763 esse
819 1698 967 1763 dixerunt
1003 1699 1124 1780 Stoici,

123 1801 245 1886 quippe
264 1819 346 1883 qnae
365 1798 396 1864 in
412 1798 602 1883 praecipuae
621 1799 721 1882 partis
742 1812 889 1878 nostrae,
912 1802 1059 1866 nmirum
1075 1803 1126 1870 in·

122 1903 271 1970 tellectus
299 1912 454 1984 potestate
476 1913 597 1967 essent:
620 1901 688 1984 ipse
709 1923 790 1968 vero
813 1903 990 1968 intellectus
1015 1915 1127 1970 nostes

121 2027 189 2070 nou
208 2025 314 2088 porro
337 2015 385 2068 est
408 2003 441 2066 in
467 2016 647 2087 potestate,
678 2004 730 2068 vel
757 2003 835 2070 alius
861 2019 1044 2071 nostrarum
1074 2006 1126 2072 fa·
1162 2066 1165 2071 .

123 2108 296 2185 cultatem,
320 2105 373 2172 vel
393 2105 441 2172 sui
465 2106 576 2190 ipsius.
620 2107 683 2171 Ast
707 2106 762 2191 qui
783 2108 897 2173 Fatum
917 2108 1051 2186 tollunt,
1074 2108 1125 2174 his

123 2209 299 2276 rationibus
325 2207 497 2292 compulsi,
521 2209 709 2296 confugiunt
725 2197 765 2274 ad
783 2209 876 2274 istam
896 2211 1124 2288 defensionem,

124 2313 292 2396 dicsmtqne
315 2308 507 2376 intellectum
530 2313 614 2376 hunc
637 2323 781 2378 nostrum
812 2315 872 2376 sub
897 2313 1032 2396 imperio
1065 2332 1127 2379 vo-

122 2413 250 2480 luntatis
270 2435 362 2480 esse:
400 2411 573 2498 siquidem,
610 2414 668 2478 ubi
690 2414 772 2478 illius
794 2435 903 2480 curam
923 2436 1054 2500 gerere,
1093 2427 1127 2480 et

122 2537 272 2582 exercere
298 2516 386 2580 iilum
406 2515 621 2593 voluerimus,
644 2515 808 2598 proficiat.
869 2517 996 2582 Verum
1012 2517 1127 2584 etheo

122 2641 185 2706 pro
207 2619 356 2704 opinione
381 2616 555 2682 intellectus
582 2615 777 2696 habendum,
810 2619 898 2704 quod
926 2617 1072 2684 nimirum
1095 2619 1125 2684 is

122 2721 192 2806 ipse
212 2722 369 2788 curandus
390 2731 423 2784 et
442 2723 635 2786 exercendus
657 2722 719 2800 sit,
759 2743 839 2806 quae
860 2721 920 2788 uisi
940 2721 1029 2804 prins
1050 2721 1126 2788 insit

122 2823 311 2902 intellectui,
345 2823 510 2908 nequidem
537 2823 712 2908 poterimus
740 2825 823 2888 velle
846 2823 912 2887 eins
935 2843 1044 2888 curam
1066 2843 1125 2910 ge·

122 2949 213 3004 rem
254 2940 291 2990 ut
315 2927 395 2991 adeo
419 2927 479 2990 hae
508 2947 635 3012 quoque
662 2925 786 2992 ratione
811 2926 988 2990 intellectus
1009 2925 1125 2990 volun·
1161 2929 1191 2980 '-

122 3040 220 3092 tatem
241 3031 336 3092 adse
356 3029 479 3107 flectat,
517 3031 557 3093 ab
587 3029 739 3094 eiusmodi
768 3026 918 3113 opinione
947 3029 1015 3112 ipsc
1036 3027 1126 3110 prius

122 3143 316 3196 summotus.
370 3131 479 3212 Quare
506 3143 689 3196 neo'motus
710 3144 925 3214 spontaneus,
962 3151 1022 3193 nec
1044 3149 1126 3212 quae

123 3233 157 3300 in
178 3245 289 3300 nostra
308 3243 465 3316 potestate
494 3244 583 3310 sunt,
620 3231 648 3298 si
674 3237 761 3296 rec'te
788 3233 1021 3316 intelligantur,
1060 3232 1123 3296 Fa·

124 3349 193 3404 tum
219 3335 346 3400 tollunt.
405 3334 502 3416 Quod
529 3346 560 3398 et
582 3333 741 3398 declarant
761 3335 804 3413 ii,
842 3334 897 3418 qui
917 3330 967 3396 his
990 3333 1123 3398 vocibus

122 3438 229 3522 primo
251 3449 323 3500 sunt
343 3435 411 3514 usi,
450 3436 503 3500 illa
524 3437 648 3520 quidem
670 3437 788 3514 Plato,
817 3437 876 3500 hac
899 3457 978 3500 vero
1001 3435 1120 3514 Stoici,

123 3543 197 3608 tun
226 3541 339 3604 Fatum
366 3551 538 3623 propterea
570 3561 633 3604 uon
662 3539 798 3614 tollunt,
837 3539 893 3601 sed
925 3537 1032 3620 potius
1060 3559 1123 3622 pro
1205 3555 1209 3564 '

123 3655 215 3709 cesto
236 3653 371 3725 ponunt.
416 3643 497 3706 Nam
514 3641 614 3708 Stoici
634 3641 742 3706 iubent
763 3639 854 3706 etiam
874 3639 948 3706 illos
970 3641 1122 3728 [sequen-

123 3757 174 3834 tec
197 3747 356 3810 adducere
377 3745 525 3812 lambosz

795 3851 837 3918 te
