2694 4508
1083 284 1122 355 53

104 453 332 520 sicutaliarum
345 475 450 534 rosim
461 467 571 519 natma
577 455 609 519 in
621 455 687 520 aliis
693 456 941 538 proprietatibus
949 455 1051 538 posita
1060 466 1117 531 cst,

105 571 144 622 nt
167 557 322 622 animanti
340 559 372 622 in
396 559 537 624 motione
561 581 602 623 ex
624 560 782 642 appetitu,
816 558 885 644 igni
904 560 936 624 in
960 559 1067 622 calore
1089 569 1121 621 et

108 663 142 726 ui
159 662 390 739 calefaciente,
414 673 445 726 ct
467 662 566 726 sic'in
588 662 739 738 caeteris,
769 662 813 726 ita
830 661 950 726 homini
968 661 1001 723 in
1018 659 1118 724 ratio-

106 764 156 830 nis
174 765 371 848 principatu.
415 766 491 828 Hoc
509 777 612 828 autem
629 765 711 828 idem
726 766 809 828 valet
828 768 914 849 quod
929 765 961 829 in
981 786 1014 826 se
1029 763 1117 846 prin-

108 868 225 950 cipium
244 869 365 932 habere
380 867 585 953 aggrediendi
605 857 791 951 aliquidve}
813 889 877 931 non
899 866 1116 952 aggrediendi.

106 973 201 1036 llaec
226 969 311 1036 enim
335 973 398 1035 duo
420 972 502 1034 idem
524 982 614 1048 sunt,
653 983 685 1034 ct
702 970 756 1054 qui
772 972 835 1034 hoc
853 970 1031 1046 snsmlerit‚
1055 971 1116 1033 ho-

108 1073 221 1139 minem
251 1074 427 1138 sustulerit.
472 1074 630 1136 Videntur
655 1086 759 1136 autem
781 1073 826 1136 illi
848 1072 964 1138 omissa
984 1072 1118 1162 rationis,

90 1177 267 1242 'mentione
291 1177 469 1240 libertatem
490 1197 613 1260 ponere
640 1175 672 1239 in
702 1176 858 1260 appetitus
885 1175 1042 1251 motione,
1083 1187 1114 1238 et

105 1283 179 1344 dum
193 1279 373 1344 libertatem
396 1279 480 1344 aiunt
501 1301 565 1345 non
588 1300 658 1346 esse
683 1278 713 1346 in
736 1279 772 1343 vi
790 1279 1030 1354 considtatrice,
1054 1278 1114 1342 sal-

107 1383 188 1446 lacia
214 1384 374 1464 precedit·
439 1386 521 1448 Nam
550 1386 589 1448 de
626 1383 782 1466 appetitus
811 1382 952 1447 motione
980 1394 1114 1464 possunt

106 1485 211 1550 dicere
235 1508 273 1550 ca
302 1507 383 1571 quac
411 1485 456 1551 sic
482 1488 561 1551 fiunt
589 1508 657 1550 esse
682 1485 932 1548 inanimantium
954 1496 1112 1570 potestate

105 1609 145 1652 eo
162 1592 252 1672 quod
268 1589 435 1654 animantia
458 1611 521 1654 non
537 1589 660 1672 possint
676 1588 743 1652 sine
766 1589 820 1651 tali
843 1589 983 1652 motione
1005 1609 1041 1650 ea
1062 1587 1111 1650 fa-

104 1713 175 1756 cere
190 1715 275 1776 quac
290 1715 350 1774 pen
368 1693 531 1756 annuantia
553 1693 643 1754 finnt.
668 1693 764 1774 Quod
786 1689 813 1754 si
830 1692 1005 1754 libertatem
1028 1691 1111 1756 illam

102 1808 261 1876 ponerent
283 1795 317 1858 in
339 1796 590 1871 consultatione,
625 1795 686 1859 iam
705 1795 765 1856 illis
784 1816 847 1858 non
869 1796 1058 1876 procederet
1080 1793 1112 1856 id

102 1903 190 1982 quod
208 1899 316 1975 aiunt,
341 1921 405 1964 non
426 1920 521 1982 posse
540 1919 621 1982 quae
640 1920 699 1980 per
717 1897 874 1960 hominem
893 1895 988 1972 fiunt,
1021 1894 1111 1959 aliter

101 2003 183 2080 fleri,
208 2003 298 2086 quia,
322 2004 420 2067 homo
443 2023 620 2086 quanquam
640 2001 681 2064 sit
703 2012 794 2083 aptus
816 2001 855 2061 ad
872 2001 1118 2084 consultandum¹

100 2127 163 2170 non
189 2118 298 2170 tamen
329 2105 433 2170 omnia
461 2127 541 2190 quae
569 2105 751 2188 peripsum
776 2115 930 2189 aguntur,
970 2104 1048 2166 liunt
1069 2124 1109 2167 eo

100 2209 316 2274 consultante.
361 2210 437 2272 Non
452 2207 532 2272 enim
549 2229 623 2272 sane
642 2208 746 2272 omnia
760 2229 840 2290 qnae
855 2207 1006 2283 facimus,
1031 2223 1108 2270 con-

98 2311 174 2376 silio
195 2311 350 2387 samnius,
382 2314 548 2394 sedsaepe
569 2310 700 2374 facimus
722 2333 785 2375 non
808 2311 982 2375 deliberato
1000 2311 1105 2390 prius,

98 2411 174 2496 quia
201 2411 244 2478 ita
267 2414 377 2497 rapida
396 2425 442 2478 est
465 2415 602 2478 faciendi
627 2414 776 2492 occasio,
813 2427 849 2478 ut
869 2436 934 2477 non
957 2416 1109 2477 concedat

97 2529 224 2600 tempus
239 2529 360 2601 quanto
374 2521 415 2580 ad
430 2520 667 2583 considtandum
689 2530 736 2580 est
751 2538 845 2598 opus.
890 2519 992 2598 Saepe
1016 2516 1107 2580 ctiam

97 2643 157 2704 pei·
169 2621 321 2684 desidiam
330 2633 530 2686 nosti-amant
543 2621 603 2684 alia
617 2624 655 2684 de
671 2643 765 2684 causa
777 2619 808 2682 id
822 2618 945 2686 accidit.
969 2621 1067 2702 Quod
1080 2623 1107 2684 si

96 2743 177 2807 qnae
198 2723 333 2790 facimus
349 2724 409 2787 alia
423 2724 502 2788 fiunt
518 2747 559 2788 ex
570 2724 717 2800 consilio,
735 2723 792 2788 alia
806 2723 871 2786 sine
881 2722 1026 2800 consilio,
1043 2724 1103 2788 iam
1157 2723 1160 2730 ’

96 2827 230 2909 amplisu
253 2826 360 2890 dicere
372 2849 434 2892 non
450 2828 524 2891 licet
535 2849 615 2911 quac
629 2850 688 2910 per
704 2827 863 2892 hominem
872 2827 962 2903 fiunt,
985 2828 1058 2896 ideo
1073 2829 1103 2890 in

95 2941 257 3012 potestate
277 2949 346 2994 esse
370 2930 524 3008 hominis,
564 2933 652 3015 quod
672 2930 762 2994 aliter
779 2953 838 3013 per
858 2931 1002 2996 homines
1028 2931 1103 2994 nihil

94 3033 165 3096 ficri
179 3032 298 3114 possit.
343 3035 424 3098 Nam
450 3033 579 3118 siquae
601 3034 743 3109 facimus,
767 3033 881 3118 partim
905 3035 1035 3106 facimus
1061 3055 1102 3098 cx

97 3135 253 3214 consilio,
293 3136 406 3218 partim
435 3137 501 3202 sine
531 3136 686 3214 consilio,
725 3160 789 3202 non
810 3138 872 3200 iarn
895 3137 999 3202 omnia
1022 3159 1101 3220 qliae

96 3238 229 3302 {amman
261 3259 327 3303 ιιιιο
357 3239 435 3304 liunt
468 3244 586 3318 modo,
626 3240 706 3304 sicut
742 3241 821 3306 lium
853 3261 933 3325 qnae
961 3260 1020 3320 per
1041 3239 1101 3304 alia

96 3341 176 3404 liunt
203 3341 387 3418 aniniantia,
427 3345 478 3406 vel
506 3366 565 3426 per
592 3343 698 3429 ignem
731 3345 782 3412 vel
810 3364 868 3426 per
891 3341 1007 3426 gravia
1036 3346 1100 3409 duo

95 3467 249 3528 corpora.
303 3446 399 3527 Quod
428 3445 455 3508 si
483 3447 610 3512 inditam
640 3470 657 3510 a
684 3459 795 3510 natum
822 3446 973 3508 habemus
1000 3447 1099 3510 sacul-

94 3560 188 3614 tatem
212 3549 332 3632 aliquid
353 3549 487 3614 faciendi
509 3572 550 3613 ex
572 3550 724 3626 consilio,
757 3549 951 3612 manifestum
975 3564 1021 3614 est
1043 3554 1098 3616 ha·

94 3655 168 3718 bere
203 3675 264 3718 nos
299 3653 392 3718 etiam
424 3653 603 3718 facultatem
637 3674 677 3715 cx
714 3652 846 3717 consilio
875 3655 987 3738 agendi
1017 3655 1099 3720 aliud

93 3757 186 3840 odd,
212 3769 245 3822 ct
265 3777 332 3828 noa
354 3756 493 3830 districte
515 3758 579 3822 hoc
600 3779 711 3836 unum,
738 3758 824 3842 quod
838 3759 1015 3826 consultatu
1039 3780 1098 3822 vo-

89 3859 215 3926 luimm.
