2754 4510
1058 317 1175 424 299Ι

117 493 200 561 enim
218 501 339 557 temere
357 475 400 554 ita
421 488 572 556 sciverint
590 509 642 554 res
663 490 830 568 humanas,
854 503 889 556 ut
904 493 944 560 ab
961 491 998 558 iis
1011 495 1119 577 dispo-

117 611 251 664 nantur:
275 595 304 660 si
322 595 447 680 qiudem
471 596 559 662 nesae
578 606 626 660 est
647 609 679 660 et
700 620 739 662 ne
760 598 831 664 fleri
852 602 976 685 quidem
1000 616 1117 685 potest,

118 717 155 768 ut
176 703 230 768 Dii
247 715 265 764 a
282 702 378 764 rebus
400 693 559 764 inferioris
578 701 767 768 conditionis
788 725 825 768 ac
850 727 930 789 quae
951 729 1015 772 non
1035 723 1118 786 aunt,

119 807 343 890 disponantur.
402 803 510 884 Quare
539 803 595 868 vix
617 806 779 870 evitabunt
803 809 858 892 qui
883 809 971 874 Deos
997 812 1121 896 quidem

121 933 191 976 esse
208 920 339 994 putant,
363 910 419 971 sed
443 908 571 972 illorum
592 909 675 973 circa
701 932 753 974 res
774 911 924 976 humanas
949 915 1122 996 providen-

121 1015 195 1080 tiam
217 1037 254 1078 ac
280 1014 441 1077 decretum
465 1011 603 1090 tollunt,
641 1015 716 1098 quin
741 1015 868 1100 illorum
893 1017 985 1079 simul
1010 1019 1123 1104 cogni,

120 1111 239 1186 tionem
266 1119 306 1180 de
333 1119 429 1180 rebus
465 1116 613 1180 humanis.
642 1119 767 1182 tollant.
826 1119 984 1200 Quoniam
1022 1143 1123 1206 neque

121 1232 322 1309 cognoscunt
347 1220 411 1296 ita,
449 1231 484 1282 ut
509 1221 564 1304 qui
588 1217 762 1286 nobiliores
777 1235 879 1298 stmt,
916 1224 1125 1306 disponantur
1177 1253 1181 1260 ·

122 1350 141 1390 a
166 1327 262 1390 rebus
285 1323 549 1410 ignobilioribus,
588 1344 690 1408 neque
715 1327 758 1412 ita
783 1339 819 1390 ut
847 1326 1015 1410 disponant
1046 1349 1121 1406 eas,

121 1430 180 1514 qui
210 1449 249 1492 ne
276 1449 388 1492 canuae
415 1429 539 1512 qtiidem
563 1427 688 1494 illarum
716 1433 884 1494 secumdum
913 1432 1002 1514 ipsos
1038 1445 1122 1497 sunt.

89 1553 93 1562 ·
122 1534 243 1612 (Debet
276 1532 356 1596 euim
389 1553 482 1597 omne
514 1536 602 1617 quod
630 1534 797 1618 cognoscit
826 1536 879 1598 vel
909 1557 969 1618 per
997 1540 1124 1602 modum
1163 1545 1167 1552 '

123 1637 281 1700 causalem
306 1646 400 1719 atque
427 1636 645 1719 disponendo,
685 1637 736 1700 vel
755 1659 816 1720 per
836 1639 1123 1720 participationem,

122 1752 154 1804 et
190 1752 227 1804 ut
248 1739 471 1821 disponantur,
510 1759 722 1825 cognoscere.
787 1743 832 1804 Et
862 1742 1010 1825 quioniam
1035 1743 1126 1807 aliter
1218 1741 1223 1752 '

123 1844 211 1908 nulla
241 1853 348 1925 potest
377 1863 445 1907 esse
474 1843 636 1928 cognitio,
685 1844 754 1908 uisi·
777 1847 927 1928 quaedam
960 1846 1042 1910 inter
1068 1867 1125 1909 co-

122 1957 333 2034 gnoscentem
363 1957 394 2010 et
425 1969 491 2011 rem
519 1947 678 2031 cognitam
711 1946 752 2024 sit
777 1948 986 2027 communio.)
1040 1947 1124 2031 Quin

123 2051 150 2115 si
178 2049 235 2114 Dii
265 2062 369 2112 essent
393 2051 524 2116 ‘omuino
552 2071 662 2114 causae
687 2072 794 2140 rerum
823 2073 905 2136 quae
932 2053 984 2116 hic
1009 2073 1127 2138 gerun-

124 2167 195 2230 tur,
219 2173 323 2236 neque
343 2165 446 2217 tamen
469 2175 510 2217 ex
532 2153 715 2218 necessitate
732 2167 785 2218 aut
807 2154 932 2219 definite
955 2156 1123 2234 efficerent,

125 2277 332 2340 quaecunque
363 2257 545 2334 effecerint,
590 2279 630 2320 ne
663 2259 709 2320 sic
741 2257 866 2342 quidem
898 2259 1015 2323 scirent
1047 2281 1127 2344 quae

125 2363 189 2423 sint
214 2359 381 2443 aliquando
402 2360 535 2438 factum,
566 2383 637 2423 cum
662 2383 726 2425 non
752 2362 932 2424 necessario
958 2383 999 2425 ex
1024 2361 1126 2426 aeter-

126 2461 223 2527 nitate
239 2461 360 2526 suerint
388 2484 426 2526 ac
449 2461 652 2528 determinate
678 2466 718 2526 ad
737 2465 845 2528 eadem
867 2463 1004 2546 impulsi.
1064 2465 1128 2529 Sed

126 2579 158 2630 et
178 2578 298 2631 norunt
317 2565 373 2630 Dii
394 2567 501 2631 lutura
527 2579 558 2630 et
581 2566 783 2644 hominibus,
821 2565 1059 2651 qutibuscuuque
1095 2581 1128 2632 et

126 2669 158 2734 in
183 2681 333 2754 quantum
361 2670 537 2747 voluerint,
571 2653 839 2755 praesignificant.
888 2671 961 2735 Imo
986 2669 1125 2748 fuerunt,

129 2771 183 2856 qui
209 2771 314 2836 edocti
345 2769 419 2836 licet
443 2773 618 2838 defuturis
643 2776 761 2849 rebus,
800 2793 911 2837 cortun
938 2794 1019 2857 qnae
1044 2775 1128 2840 Fato

127 2886 219 2938 erant
239 2874 428 2952 constituta,
465 2896 505 2939 ne
529 2876 582 2940 illa
603 2875 729 2959 quidem
754 2875 896 2960 effugere
922 2887 1016 2960 atque
1040 2897 1128 2942 amo·

125 2977 176 3044 liri
194 2990 389 3062 potuerunt,
432 2999 512 3063 quae
539 2990 574 3044 ut
601 2980 801 3064 effugerent,
840 2998 970 3062 operam
998 2980 1127 3072 dabant.

128 3079 195 3146 Alii
217 3082 268 3146 vel
296 3102 334 3144 ea
359 3084 398 3146 de
422 3104 516 3146 causa
538 3079 569 3144 in
591 3103 680 3146 suum
706 3079 844 3146 incidere
870 3081 1003 3157 Fatum,
1042 3085 1129 3165 quod

127 3183 161 3247 id
178 3183 454 3266 praedidicissent,
485 3197 517 3249 et
533 3185 675 3271 effugere
694 3184 799 3252 conati
819 3197 937 3260 essent,
963 3196 998 3246 ut
1014 3195 1044 3246 et
1065 3185 1129 3247 hoe

127 3285 189 3350 illie
211 3287 324 3350 Fatum
345 3287 443 3352 luisse
465 3307 593 3350 necesse
614 3287 667 3351 sit.
718 3287 815 3350 Nulla
832 3286 965 3370 proinde
983 3285 1129 3350 liberatio

127 3400 175 3452 est
205 3400 257 3452 aut
278 3389 446 3454 declinatio
470 3411 603 3465 eorum,
642 3410 722 3474 qliae
747 3389 880 3454 semela
902 3389 983 3454 love
1005 3391 1133 3452 deenen

16 3573 20 3584 .
128 3503 200 3558 tunt
222 3503 253 3556 et
276 3494 359 3557 Fato
382 3492 513 3577 illigata.

193 3597 259 3662 Sed
283 3596 399 3660 dixerit
421 3595 508 3680 quis,
533 3597 559 3660 ei
583 3595 688 3670 omnia
713 3593 838 3662 delinita
864 3607 967 3656 essent
993 3595 1134 3676 nihilque

129 3719 244 3782 expers
274 3711 358 3764 esset
385 3699 578 3763 necessitatis
608 3719 738 3774 eorutn,
769 3717 850 3780 qliae
872 3709 943 3760 sunt
966 3707 1019 3762 ant
1039 3699 1132 3770 liunt,

128 3816 316 3886 sequeretur
345 3815 390 3866 et·
408 3824 449 3866 ex
471 3803 607 3866 burmann
637 3821 756 3888 genere
784 3797 959 3888 libertatem
986 3801 1135 3864 exantlare

127 3917 157 3974 et
175 3905 326 3972 iustitiam
348 3927 388 3973 ex
409 3904 491 3972 niis.
537 3903 619 3972 Cum
637 3903 782 3970 homines
808 3903 933 3986 quidem
954 3923 994 3966 ex
1026 3919 1136 3970 neces-
