2694 4508
1063 337 1103 400 49

98 525 160 589 qne
183 523 220 566 re
244 498 307 564 alia
329 499 413 563 licet.
439 513 444 572 j
467 500 549 581 Quia
575 501 656 564 enim
682 523 745 568 non
775 505 865 569 aliter
886 505 983 582 fiunt,
1023 527 1103 590 quae

95 609 174 671 liunt
201 625 265 688 per
284 602 472 680 animantia,
509 603 570 668 nisi
594 604 731 670 animans
750 621 917 672 moveatur
942 609 1103 693 appetitu,

93 711 164 776 inde
189 721 240 772 est
267 709 356 790 quod
377 705 514 768 animans
539 727 607 769 rem
633 707 767 792 aliquam
792 714 969 795 approbet3
1002 735 1104 796 neque

93 813 173 878 enim
205 813 266 888 fit,
303 810 330 873 si
353 808 434 872 absit
455 810 665 892 approbatio:
702 814 781 876 haee
802 813 834 876 in
856 827 1013 896 potestate
1036 837 1105 880 esso
1166 816 1168 824 ’

95 916 203 980 dicunt
224 912 413 988 animantis,
438 933 509 974 cum
530 922 634 978 tamen
657 917 696 977 ab
718 937 757 979 eo
780 939 907 980 neeesse
928 920 1025 982 luerit
1045 919 1107 982 ista

93 1018 138 1082 aie
166 1016 251 1084 lieri.
309 1017 422 1098 Neque
443 1014 526 1078 enim
547 1026 676 1097 poterat
704 1017 794 1082 aliter
823 1039 857 1082 se
889 1041 941 1082 res
962 1022 1104 1086 habere:

1 1151 2 1162 ¹
92 1121 298 1186 nibilominus
321 1130 446 1194 tamen,
482 1117 557 1201 quia
578 1115 629 1180 res
650 1137 752 1203 neque
775 1125 814 1185 ab
837 1121 899 1186 alio
921 1122 992 1186 lieri
1013 1135 1106 1206 pote·

92 1236 163 1301 rat,
202 1243 308 1306 neque
342 1220 404 1284 alio
440 1223 557 1298 modo,
592 1233 765 1304 propterea
800 1245 868 1288 eam
900 1247 967 1290 rem
1000 1225 1106 1290 dieunt

92 1329 192 1392 lubae
214 1326 247 1389 in
269 1325 429 1408 potestate
451 1323 628 1386 animantis.
672 1325 781 1409 Atque
801 1328 866 1391 hoo
887 1328 990 1410 ipsum
1012 1325 1104 1394 etiam

95 1433 136 1494 de
158 1449 264 1494 rerum
294 1427 425 1490 aliarum
453 1425 585 1511 singulis
615 1413 720 1491 dicere
742 1429 869 1494 licebat.
936 1433 1017 1497 Nam
1047 1454 1107 1498 nec

94 1535 182 1618 quod
202 1553 265 1615 per
285 1530 393 1616 ignem
414 1529 472 1606 fit,
510 1529 544 1591 id
571 1551 631 1612 per
655 1525 727 1594 'rem
756 1533 846 1596 aliam
867 1533 937 1598 fieri
957 1547 1104 1618 poterat,
1174 1617 1176 1623 y

93 1658 195 1722 neque
224 1655 287 1718 per
314 1633 421 1718 ignem
448 1633 549 1696 aliter·
573 1655 665 1716 quam
706 1627 931 1702 calefaciendo.
998 1640 1107 1721 Quare

93 1763 161 1804 cnm
184 1759 270 1824 quae
293 1726 480 1820 perignem
503 1736 593 1812 finnt,
619 1737 709 1805 aliter
730 1738 803 1802 fieri
819 1727 986 1823 nequeant,
1012 1764 1106 1826 quam

95 1843 303 1906 calefaciente
314 1835 408 1926 igne3
431 1852 462 1902 et
484 1861 524 1903 eo
547 1839 749 1903 calefaciente
772 1841 941 1919 exsistent,
965 1865 1029 1907 non
1053 1865 1107 1908 cad

94 1946 262 2010 lelaeiente
289 1963 353 2006 non
376 1941 543 2018 exsistant,
572 1953 676 2004 erunt
703 1943 784 2028 haec
813 1959 941 2028 qnoque
963 1945 994 2008 in
1023 1946 1106 2031 ignis

95 2062 284 2132 potestate„
313 2048 525 2128 Idemque'de
547 2063 583 2108 re
614 2047 727 2128 quavis
755 2047 816 2109 alia
847 2045 969 2111 dicere
986 2049 1113 2114 licebit..

95 2153 181 2234 Quid
197 2143 284 2214 ¹vero
308 2149 414 2211 multis
436 2148 544 2210 verbis
567 2141 669 2231 opus,
701 2150 755 2212 ubi
777 2171 828 2212 res
850 2153 1014 2215 manifesta
1035 2153 1117 2226 est?¹

93 2257 148 2322 De
169 2253 336 2318 vocabulis
357 2251 436 2333 ipsis
464 2243 528 2314 non
550 2253 737 2330 invidemus.
790 2254 854 2316 Sed
883 2251 970 2336 quod
999 2256 1117 2327 existi,

95 2370 185 2424 mant
205 2357 278 2438 plus
298 2377 332 2418 se
355 2341 476 2438 aliquid
494 2355 700 2418 animantibus
715 2355 856 2420 tribuere
872 2357 956 2420 circa
973 2379 1009 2421 ea
1026 2375 1107 2442 qnae

94 2463 177 2526 liunt
197 2481 258 2542 per
279 2457 467 2533 menania,
503 2479 595 2540 quam
617 2461 714 2522 rebus'
735 2459 801 2520 aliis
823 2475 884 2540 per
904 2480 984 2543 quas
1005 2461 1130 2547 aliqua

95 2565 194 2639 liunt,
228 2582 301 2626 cum
322 2555 400 2624 nihil
422 2560 506 2626 aliud
528 2579 625 2644 quam
644 2560 795 2624 vocabuli
815 2563 1019 2648 privilegium
1042 2564 1124 2654 fatti-¹0

96 2667 257 2736 mantibna
278 2667 470 2740 concedant,
507 2659 571 2728 hoe
603 2675 651 2727 est
684 2667 772 2747 quod
800 2664 914 2730 merito
943 2665 1107 2751 argaitum

94 2771 247 2836 munuum
269 2768 342 2851 quia
364 2779 396 2830 et
417 2779 471 2830 aut
489 2767 551 2849 ipsi
573 2768 722 2832 vocabuli
743 2768 856 2831 latiore
871 2785 931 2832 usn
947 2769 1113 2853 decipiam·

95 2887 167 2951 tur,
207 2885 263 2936 aut
285 2871 366 2936 alios
388 2870 533 2953 decipere
556 2881 723 2953 quaerunt.
782 2871 956 2935 Praeterea
988 2885 1019 2936 et
1046 2877 1111 2940 hoo

97 2979 130 3042 in
152 2977 215 3042 illis
237 2997 304 3040 non
325 2974 482 3038 immerito
504 2973 637 3036 miretur
665 2971 799 3056 aliquis,
838 2991 902 3058 quo
923 2977 1050 3042 'inducti
1078 2969 1114 3040 in·

98 3082 243 3146 motione
280 3078 436 3160 appetimus
466 3089 560 3160 atque
581 3075 613 3138 in
637 3077 867 3158 approbatione
889 3092 1009 3160 ponant
1032 3097 1117 3161 ope-³

98 3184 192 3248 randi
211 3184 417 3246 libertatern:
446 3182 528 3243 unde
549 3191 584 3242 et
602 3179 636 3242 in
657 3181 802 3243 omnibus
825 3179 1030 3243 animantibus
1052 3201 1110 3264 pa-

99 3287 184 3350 riter
204 3286 238 3349 id
257 3296 395 3370 pommt.
439 3284 548 3366 Atque
563 3283 691 3350 libertas
715 3283 829 3369 agendi
849 3305 913 3346 non
935 3283 967 3345 in
990 3299 1032 3364 ed
1052 3285 1119 3358 sita?

99 3402 174 3467 ast,
213 3393 302 3475 qnod
323 3384 379 3450 ubi
400 3386 482 3452 visio
504 3383 615 3449 accidit
645 3386 792 3453 animanti
801 3403 813 3463 ‚·
848 3386 880 3448 id
907 3371 1049 3456 animans
1080 3389 1115 3454 vi

100 3507 213 3578 suapte
236 3495 331 3557 cedat
352 3488 442 3565 viso,
466 3502 497 3552 et
519 3487 710 3571 appetitione
730 3489 899 3552 'moveatur
920 3491 959 3552 ad
979 3489 1011 3558 id
1026 3495 1116 3575 quoa

100 3597 164 3662 sibi
191 3601 410 3662 obversatur:
444 3595 500 3656 sed
527 3593 630 3676 possit
657 3592 689 3655 id
716 3591 802 3656 forte
831 3587 954 3657 efficere
977 3615 1013 3670 ac
1034 3611 1112 3676 pro-

99 3703 179 3766 bare
211 3698 373 3764 actionem
405 3715 488 3764 essese⁴
506 3708 619 3778 sponte
655 3706 844 3775 anteceptam.
908 3696 1016 3780 Atque
1048 3720 1112 3764 non

100 3805 182 3870 idem
204 3815 258 3868 est
278 3809 398 3884 sponte
421 3797 537 3882 aliquid
559 3799 611 3883 agi
633 3799 719 3880 qaod
739 3796 850 3859 libere.
896 3799 1018 3882 Sponte
1031 3803 1113 3865 enim

98 3908 135 3972 fit
157 3905 302 3994 quodfit
317 3900 550 3986 approbatione
566 3921 630 3970 non
645 3911 772 3964 extorta
785 3921 794 3974 3
817 3899 1011 3968 liberavero
1027 3906 1122 3988 quod·
