2694 4508
1060 335 1099 398 ld

96 509 136 570 ab
162 504 323 568 animante
345 503 513 566 secundum
539 501 714 566 animantis.
759 503 876 566 Dicunt
895 503 1002 568 deinde
1024 491 1100 568 nillil

96 629 208 672 eorum
231 627 315 689 quae
340 605 440 680 liunt,
464 607 634 668 secuudum
653 606 816 687 propriam
836 607 985 689 cuiusque
1007 619 1099 680 natu-

85 733 162 774 ·ram
192 709 289 772 aliter
314 727 348 770 se
370 710 486 770 babere
508 728 620 787 posse,
655 709 710 768 scd
730 708 866 790 quidque
884 729 1000 772 eorum
1020 729 1100 790 quae

96 813 174 875 liunt
197 834 216 876 a
242 831 426 894 nequaque
451 809 520 875 lieri
544 811 741 883 necessario,
776 831 840 872 non
864 823 965 874 tamen
986 832 1023 874 ea
1045 833 1100 881 ne,-

98 913 263 988 cessitate,
290 934 370 994 quae
392 925 439 976 est
455 933 514 995 per
536 913 734 988 violentiam,
759 915 813 975 sed
835 913 906 994 quia
920 916 1007 996 quod
1025 935 1103 976 eve-

96 1016 159 1092 nit,
191 1037 258 1079 non
284 1014 389 1097 potuit
414 1037 478 1077 non
504 1016 652 1092 evenire,
688 1037 727 1078 eo
745 1014 817 1097 ipso
835 1018 1013 1106 quodcum
1038 1015 1100 1078 cir-

97 1117 284 1182 cumstantia
305 1129 409 1182 essent
430 1117 525 1195 talia,
549 1140 614 1182 uon
632 1118 736 1200 potuit
754 1139 818 1181 non
832 1119 878 1196 ⁴ab
901 1117 944 1180 eis
967 1117 1120 1180 circum·

95 1220 164 1284 sisti
186 1241 226 1282 ac
246 1220 381 1302 proinde
402 1241 462 1284 nec
483 1221 574 1284 aliter
597 1233 627 1284 et
649 1243 714 1284 uon
737 1221 782 1284 sic
807 1220 949 1285 moveri:
987 1221 1100 1303 Neque

96 1321 180 1386 enim
199 1322 334 1405 lapidem
355 1323 383 1386 si
405 1326 443 1386 de
464 1323 588 1388 sublimi
604 1323 735 1387 iaciatur
751 1343 847 1406 posse
859 1345 932 1394 ,non
944 1321 1100 1401 ferride·

95 1447 226 1505 orstun,
264 1426 292 1489 si
319 1425 396 1489 nihil
420 1427 589 1508 impediat,
627 1427 771 1490 nimirum
805 1426 877 1509 quia
904 1426 984 1508 lapis
1011 1426 1100 1490 inse

84 1529 288 1615 ¹gravitatem
317 1530 430 1606 habet,
465 1530 517 1592 cui
539 1533 709 1594 secundum
737 1542 883 1594 naturum
906 1530 1039 1612 propria
1060 1530 1101 1595 sit

94 1631 251 1698 eiusmodi
279 1631 402 1708 motio,
439 1632 486 1696 uti
514 1633 606 1696 etiarn
632 1644 780 1712 externae
814 1655 925 1696 causae
955 1636 995 1696 ad
1014 1635 1101 1700 ¹banc

94 1737 268 1798 secumdum
289 1745 431 1798 naturam
456 1737 628 1801 motionem
652 1735 748 1818 lapidi
767 1735 978 1819 opitulentur,
1017 1736 1096 1818 lapi·

94 1841 165 1902 dem
179 1837 365 1902 necessario
382 1837 530 1916 inferri,
554 1851 589 1901 ut
600 1852 689 1902 natus
705 1850 752 1900 est
767 1839 863 1916 ferri,
888 1851 920 1902 et
933 1850 1099 1920 praetcrea

95 1941 202 2009 itidem
228 1961 274 2004 ex
299 1942 481 2008 necessitate
505 1945 612 2006 adesse
638 1942 667 2006 ei
687 1963 796 2006 causas
817 1941 910 2018 alias,
940 1963 999 2022 per
1022 1961 1100 2023 quas

93 2056 170 2108 tunc
186 2055 360 2124 movetur,
383 2045 427 2110 ita
446 2057 482 2108 ut
506 2045 567 2108 illis
586 2045 804 2110 accedentibus
830 2066 894 2110 non
915 2043 1017 2128 possit
1034 2065 1100 2122 non

87 2147 239 2226 ,morer-i,
278 2147 345 2212 imo
372 2170 412 2212 en
432 2149 618 2214 necessitate
646 2161 722 2212 tunc
748 2160 931 2225 moveanu,
965 2147 1104 2232 fierique

95 2251 179 2312 hauc
198 2250 372 2316 motionem
397 2273 415 2320 a
437 2253 520 2315 Fato
542 2273 601 2334 per
622 2253 769 2336 lapidem.
813 2254 957 2318 Eandem
982 2273 1050 2316 esse
1063 2263 1101 2315 et

94 2353 129 2416 iu
143 2353 213 2416 aliis
228 2357 322 2416 rebus
336 2354 503 2420 rationem.
543 2355 629 2420 Sicut
642 2369 745 2420 autem
759 2377 810 2420 res
828 2377 863 2420 se
876 2356 973 2418 habet
985 2355 1018 2418 in
1033 2353 1105 2416 ani-⁴*

96 2477 168 2522 mae
196 2457 403 2540 expertibus,
440 2459 511 2542 pari
534 2462 630 2522 modo
655 2481 721 2522 earn
746 2480 781 2522 se
805 2460 923 2522 habere
945 2457 1051 2520 dieunt
1068 2456 1101 2520 in

98 2561 264 2638 animatis,
296 2562 415 2644 quippe
436 2575 467 2627 et
489 2561 694 2626 animantibus
716 2545 870 2645 quandam
896 2582 964 2624 esse
989 2581 1101 2622 secun-

98 2667 170 2728 dum
191 2677 339 2728 natsuam
359 2666 548 2743 motionem,
580 2689 648 2730 eam
665 2665 810 2730 nimirum
832 2684 912 2749 quae
929 2663 966 2725 fit
982 2684 1023 2726 en
1045 2685 1103 2746 ap·

97 2768 220 2850 petitu;
265 2789 358 2832 omne
381 2768 462 2833 enim
484 2770 643 2846 animans,
668 2771 754 2853 quod
778 2779 814 2830 ut
834 2767 971 2840 animans
992 2787 1102 2830 move-

97 2883 161 2948 tur,
185 2872 313 2936 moveri
332 2893 369 2936 ea
384 2873 511 2940 ratione
528 2895 609 2958 quae
631 2885 678 2936 est
700 2894 741 2936 ex
762 2870 927 2954 appetitu:—
943 2871 1024 2934 hane
1046 2891 1102 2935 au·

98 2985 161 3038 tem
175 2995 248 3040 esse
263 2974 455 3055 motionem,
479 2997 560 3062 quae
576 2977 687 3040 aFato
704 2976 760 3038 fiat
777 2997 836 3057 per
853 2975 937 3040 istud
950 2972 1101 3038 animans.

100 3079 190 3160 Quae
209 3099 284 3142 cnm
300 3078 344 3142 ita
361 3101 396 3143 se
410 3081 563 3158 habeant,
587 3080 725 3163 fiantque
744 3101 762 3142 a
776 3080 859 3144 Fato
878 3081 1020 3162 perhoc
1033 3075 1101 3141 uui-

102 3201 229 3245 versum
244 3181 401 3246 snotiones
420 3184 682 3268 operationesque
704 3182 831 3260 variae,
855 3183 932 3260 aliae
952 3181 983 3244 in
1010 3182 1101 3256 edre,

93 3285 181 3364 ,aliae
202 3285 234 3348 in
255 3285 353 3370 igne,
389 3287 468 3350 aliae
493 3288 526 3350 in
549 3309 585 3350 re
612 3287 692 3362 alia3
725 3287 796 3350 fieri
821 3287 971 3369 quasdam
991 3295 1022 3346 et
1044 3305 1102 3364 per

99 3388 292 3466 animantia,
333 3391 439 3474 quales
470 3402 553 3456 sunt
567 3391 723 3456 motiones
756 3411 796 3454 ex
825 3386 977 3468 appetitu.
1034 3388 1101 3450 Has

100 3515 180 3556 vero
200 3493 361 3558 motiones
387 3517 467 3577 quae
489 3517 507 3557 a
527 3495 609 3558 Fato
630 3494 707 3556 lium
722 3515 781 3574 per
802 3489 983 3564 animantia,
1019 3490 1105 3552 aiunt

98 3596 144 3660 illi
153 3617 225 3662 esse
240 3597 273 3660 in
290 3597 488 3662 animantium
505 3610 681 3681 potestate:
704 3594 835 3678 parique
851 3596 946 3658 ruodo
963 3596 1050 3676 quod
1064 3595 1119 3656 ad*
1178 3605 1181 3620 '

102 3700 325 3766 necessitatem
336 3699 461 3780 attinet,
485 3701 573 3777 fieri,
598 3700 753 3764 motiones
764 3698 839 3760 istas
852 3698 922 3761 etim
940 3719 980 3760 ex
995 3718 1103 3762 neces·

99 3803 189 3868 sitate
217 3804 313 3868 etiarn
339 3826 449 3870 causae
476 3818 623 3870 externae
650 3815 725 3866 tunc
752 3802 868 3878 adsint,
907 3801 950 3864 ita
978 3801 1103 3882 etipsa

99 3907 268 3972 sumanus
298 3928 356 3988 per
383 3929 417 3970 se
444 3920 473 3971 ct
503 3931 543 3972 ex
568 3906 708 3992 appetitu
734 3905 823 3970 istam
848 3904 1035 3978 motionem,
1075 3913 1105 3964 et
