2790 4512
1080 335 1144 401 {93
1269 357 1272 364 ⁴

11 535 13 576 3
129 502 263 577 apparet
286 488 483 567 differentia,
514 489 604 575 prasi
626 455 705 557 ortis
730 491 792 560 illis
814 491 1037 578 estprincipio
1064 495 1142 560 alio.

11 583 13 596 ’
130 595 255 660 Deinde
275 592 387 658 nobie
405 591 530 676 quidem
552 594 657 660 emitti
675 597 790 672 debent
806 595 899 664 animi
914 597 1143 684 repugnantiae
1278 667 1293 690 ⁴

131 711 244 764 eontra
263 691 416 778 eorporis
430 703 711 773 temperamentum
730 705 763 756 et
777 695 975 777 cupiditates.
1006 697 1141 779 Quodsi,

133 799 205 882 qnia
233 809 309 860 sunt
337 795 393 879 qui
416 805 562 875 spectato
587 807 746 860 astrorum
766 798 874 880 positu
895 801 934 862 de
961 803 1058 864 rebus
1079 800 1144 864 sin-

133 900 215 986 golis
235 901 347 964 lutura
366 896 571 980 praedicunt,
594 897 668 962 ideo
682 919 721 963 ea
742 902 782 964 ab
805 900 897 964 astris
914 900 995 966 effici
1012 905 1144 968 medau-

131 1015 201 1080 tnr‚
231 1001 366 1086 perinde
389 999 430 1064 sit
456 999 546 1083 quasi
571 1021 645 1064 aves
671 1001 809 1064 dieamus
831 1001 1008 1067 effectrices
1025 997 1144 1070 ¹eorum

132 1127 212 1190 quae
243 1103 444 1189 significant,
481 1113 514 1166 et
551 1123 602 1166 res
635 1104 712 1166 alias
735 1125 819 1187 -qttas
848 1105 1009 1187 respicere
1036 1107 1145 1172 solent

132 1208 323 1272 tb'vinames.
381 1207 507 1276 Verum
532 1204 625 1268 etiam
649 1206 784 1288 propius
807 1207 1035 1272 oonsideranda
1056 1223 1159 1288 sunt,¹

133 1331 288 1393 quaenam
306 1331 345 1372 ea
370 1307 433 1372 sint
452 1328 534 1390 quae
553 1308 695 1392 praedici
716 1309 822 1374 solent
843 1331 886 1374 ex
904 1323 1063 1376 asbonm
1082 1333 1144 1396 po·

132 1412 198 1479 situ
221 1433 287 1496 quo
304 1411 439 1496 quisque
462 1422 555 1474 natus
577 1421 626 1474 est
647 1423 810 1494 tempore,
835 1435 979 1498 quaeque
1000 1416 1144 1482 nonnulli

132 1526 247 1598 putant
276 1536 295 1578 a
325 1513 481 1578 sideribus
504 1535 570 1578 non
598 1513 730 1578 indicari
760 1527 882 1580 tanmm
908 1520 967 1580 sed
991 1529 1023 1580 et
1047 1519 1142 1584 effici.

133 1617 217 1684 Cum
243 1638 326 1702 ergo
354 1616 527 1680 iudicantes
552 1618 592 1680 de
621 1637 738 1701 genere
774 1619 904 1682 alieniso
936 1621 1042 1684 dicant
1072 1645 1143 1688 eum

131 1735 240 1786 ortum
261 1720 429 1804 praeclaro
448 1731 540 1802 patre
557 1741 597 1782 ao
617 1733 731 1796 matre,
760 1725 922 1804 quomodo
946 1722 1008 1788 diei
1034 1737 1143 1806 potest

133 1848 175 1888 ex
193 1835 355 1887 astrorum
374 1822 536 1905 positura,
557 1824 644 1888 unde
657 1823 832 1908 praedictio
851 1826 981 1905 petitur,
1005 1826 1038 1888 id
1058 1826 1141 1903 fieri,

133 1927 224 2012 quod
250 1925 312 1990 iam
334 1927 366 1990 in
384 1926 569 2008 parentibus
590 1924 715 1988 inerat?
752 1927 877 1990 Rursus
899 1948 979 1991 vero
1001 1927 1143 2010 parenti·

131 2030 193 2096 bus
211 2029 290 2114 ipsis
308 2031 455 2096 sorttmas
479 2029 601 2092 suturas
623 2027 657 2092 in
680 2029 950 2114 progeneratione
968 2030 1143 2096 liberorum

132 2145 169 2198 et
183 2134 298 2218 quates
320 2133 419 2198 futuri
434 2133 498 2196 sint
513 2144 662 2196 natorum
687 2127 838 2210 effeetus,
862 2145 894 2196 et
912 2155 989 2217 quas
1004 2133 1144 2200 habituri

132 2237 198 2302 sint
217 2239 365 2301 haam
387 2238 526 2300 nondum
550 2233 625 2298 satis
647 2235 708 2298 illis
730 2235 861 2314 liberis,
892 2237 1078 2320 praedicunt
1101 2259 1144 2301 ex

131 2340 276 2424 paternis
290 2339 458 2404 sideribus.
502 2341 573 2403 Imo
595 2350 627 2400 ot
646 2359 689 2400 ex
707 2339 842 2402 fratrum
870 2340 1025 2404 sideribus
1054 2361 1142 2404 mor·

132 2455 182 2508 tes
202 2455 353 2526 patrum,
385 2465 428 2506 ex
449 2443 612 2506 mulierum
634 2441 790 2505 sideribus
810 2455 931 2508 mortes
956 2442 1143 2506 maritorum

133 2559 168 2610 et
188 2547 260 2610 viee
284 2567 391 2610 versa.
434 2546 609 2626 Quomodo
630 2566 712 2630 ergo
735 2546 897 2608 stellarum
920 2545 1006 2608 cirea
1029 2567 1142 2608 unum·

132 2670 293 2734 qumque
317 2661 497 2740 pascentem
521 2648 665 2731 positura
691 2648 726 2710 id
749 2647 883 2724 effide,
908 2650 996 2732 quod
1013 2647 1078 2710 iam
1099 2669 1142 2710 ex

132 2752 278 2836 patribus
310 2764 401 2816 mant
428 2750 596 2816 habitin-i?
631 2754 722 2814 Nasn
743 2761 797 2816 aut
826 2751 881 2814 illa
907 2750 1018 2833 prim
1047 2761 1141 2814 erunt

134 2877 218 2940 quae
246 2856 281 2920 id
304 2854 457 2933 efficium
506 2867 559 2920 mit
581 2855 613 2920 si
635 2855 792 2933 nobilia,
822 2875 867 2918 me
894 2855 974 2918 haee
1000 2854 1139 2939 quidem.

134 2959 310 3024 Praeterea
337 2958 506 3024 similitudo
534 2960 566 3022 in
594 2957 708 3022 tornis
730 2979 824 3041 quarn
844 2958 911 3022 nati
931 2979 1002 3022 enm
1025 2979 1140 3042 paren·

134 3062 219 3126 tibus
248 3064 397 3144 habent„
418 3061 555 3126 ostendit
583 3074 615 3126 et
642 3060 908 3144 pulchritudinem
935 3073 967 3126 et
989 3059 1140 3124 deformi-

133 3175 233 3230 tatem
261 3186 304 3228 ex
330 3165 464 3246 propria
496 3164 605 3230 renim
634 3164 781 3249 origine,
829 3185 896 3230 non
929 3183 947 3228 e
978 3163 1140 3228 stellarum

133 3289 247 3332 eorm.
291 3265 342 3330 Ae
363 3267 512 3332 crerb‘bile
534 3281 583 3333 est
601 3268 713 3332 iisdem
738 3268 937 3351 temporibsn
965 3267 1062 3330 multa
1094 3264 1139 3330 si·

133 3369 204 3436 mel
231 3367 416 3448 manda,
446 3371 564 3437 multos
585 3371 678 3435 simul
703 3372 847 3435 homines
876 3369 987 3455 gigni,
1022 3363 1137 3452 quibus

134 3471 285 3538 omnibns
315 3473 418 3538 omnia
449 3476 602 3538 deberent
628 3473 755 3538 evenire
785 3475 916 3547 eadem,
954 3492 1025 3534 emo
1054 3473 1139 3536 idem

134 3576 231 3642 merit
260 3575 339 3640 caeli
371 3587 572 3658 conspectus.
629 3577 802 3657 Quomodo
831 3574 929 3660 igitur
961 3595 1003 3638 ex
1029 3574 1138 3640 iisdem

135 3678 297 3746 stellarum
318 3679 430 3766 liguris
453 3678 596 3744 orientur
617 3691 649 3742 et
670 3676 812 3744 homines
834 3689 866 3742 et
887 3689 937 3742 tot
958 3675 1042 3742 alia?

195 3885 244 3954 At
265 3905 345 3954 vero
366 3882 514 3952 oritmtur
533 3883 658 3970 singula
678 3905 741 3970 pro
767 3883 833 3952 suis
860 3883 999 3964 naturis,
1035 3905 1135 3972 equus
