2694 4508
1061 311 1102 376 ιτ
1138 271 1144 284 ”

70 473 184 556 Quod
203 470 233 536 si
261 471 295 538 in
324 471 388 538 illis
418 485 465 538 est
486 476 601 540 Fatum
619 487 661 542 iet
692 477 739 548 sic
767 480 802 546 s'e
831 445 948 559 nabet,
967 449 1101 554 'conseq

70 597 185 660 quens
217 587 267 640 est
299 587 337 640 ut
366 581 530 659 quomodo
558 600 593 642 se
624 581 742 645 habent
773 601 853 666 quae
874 603 935 666 per
955 593 1102 668 naturam,

70 673 185 752 fiunt,
224 673 273 736 sie
301 677 345 736 se'
361 673 497 736 habeant
519 685 551 740 et
572 697 653 758 quiae
674 679 757 742 Fato
785 678 878 742 fiunt.
942 682 990 746 At
1018 704 1101 770 vero¹

73 797 164 860 quae
193 787 310 840 naterra
347 775 450 851 fiunt‚‘
495 798 564 840 non,
591 778 684 858 plane
716 779 761 844 ita
791 781 970 847 necessario
998 782 1099 866 finnta

74 899 178 961 saepe
212 877 299 942 enim
332 876 546 958 impediuntur
575 892 664 944 ortus
697 901 809 946 eorum
841 905 921 966 quae
954 884 1000 962 sic
1027 885 1098 948 fieri

74 982 201 1046 solent.
247 982 315 1046 Sed
344 993 415 1044 sunt
443 1002 525 1064 quae
554 994 666 1046 natura
690 983 770 1046 fiunt
791 1005 834 1048 ex
855 1007 967 1058 eorum
988 1009 1099 1072 nume-⁸

76 1105 143 1161 ro,
183 1104 269 1168 quae
298 1083 486 1166 plerumque
516 1083 562 1146 sic
591 1084 756 1161 eveniunt3
792 1108 856 1152 non
886 1087 989 1152 tamen
1010 1111 1098 1156 mera

76 1185 285 1250 necessitate.
345 1187 472 1249 Locum
499 1186 580 1250 enim
609 1185 641 1250 in
670 1187 738 1252 istis
766 1189 883 1260 habent
912 1203 961 1268 et,
999 1213 1098 1278 quae·¹

79 1293 155 1354 dam
179 1309 262 1372 quae
282 1299 414 1371 praeter
434 1299 577 1353 naturam
601 1289 763 1367 accidunt3
793 1296 880 1376 qnod
902 1295 1018 1378 evenit,
1041 1295 1097 1360 uhi

78 1403 201 1456 natura
220 1413 280 1474 per
301 1412 428 1456 cainam
457 1400 646 1456 extraneam
666 1395 856 1476 prohibetur
889 1393 972 1479 opus
1005 1421 1096 1482 suum

78 1515 254 1581 peragere.
322 1495 398 1576 Quo
427 1493 481 1571 fit,
525 1505 561 1558 ut
589 1516 654 1560 non
687 1499 868 1564 necessario
896 1521 937 1562 cx
967 1501 1097 1590 homine

77 1599 180 1662 homo
204 1597 349 1673 oriatur,
380 1599 437 1660 sed
457 1597 667 1682 plerumque:
703 1602 785 1664 unde
807 1601 839 1664 in
862 1601 923 1665 iltis
947 1625 1026 1687 quae
1049 1604 1096 1668 sio
1124 1605 1126 1610 ’

79 1725 141 1786 per
171 1714 321 1768 naturam
349 1701 447 1780 fiunt,
486 1711 523 1765 ut
551 1703 716 1788 videantur
744 1703 833 1788 leges
861 1705 982 1770 habere
1000 1707 1094 1790 plane

81 1807 247 1883 definitas,
288 1827 402 1870 cortun
431 1827 512 1889 quae
533 1804 579 1868 sio
598 1805 699 1880 fiunt,
738 1805 862 1890 singula
883 1828 948 1871 non
969 1830 1095 1890 semper

81 1909 176 1974 nunt.
219 1909 305 1976 Cum
329 1929 409 1974 vero
430 1907 522 1974 iniis
544 1928 625 1990 quae
646 1917 757 1970 natura
778 1908 879 1984 fiunt,
915 1909 1031 1992 aliquid
1053 1910 1095 2002 sit

81 2023 210 2095 praeter
231 2025 397 2088 neutram,
431 2022 467 2074 ut
488 2010 571 2076 etin
594 2009 865 2092 antisoperibus,
903 2013 967 2076 hoc
986 2011 1093 2078 itidem

80 2113 188 2180 locum
208 2117 331 2178 habere
353 2117 447 2188 debet
466 2115 499 2178 in
519 2114 556 2178 iis
579 2135 658 2196 qnae
681 2114 763 2178 Fato
785 2113 882 2195 fiunt,
907 2135 1029 2198 ‘nempe
1057 2117 1095 2182 ut'

80 2216 122 2282 sit
144 2217 263 2304 aliquid
283 2229 414 2302 praeter
435 2219 560 2282 Fatum.
604 2218 648 2283 Et
669 2216 696 2310 si
716 2228 846 2298 praeter:¹
858 2229 1000 2282 naturam
1022 2219 1094 2310 fieri

81 2341 166 2404 quae
189 2321 353 2397 dicmur,
385 2342 449 2386 non
472 2340 557 2388 vano
577 2319 703 2383 nomine
726 2319 772 2394 sic
794 2320 961 2398 dieunnu,
986 2323 1094 2406 scqni7

79 2435 160 2501 tur,
200 2435 235 2489 ut
260 2423 345 2490 idern
374 2423 416 2486 sit
440 2424 478 2486 de
499 2421 536 2494 iis
559 2441 639 2506 quae
654 2433 790 2504 ,praeter
811 2423 925 2486 Fatum
938 2413 1093 2492 ¹,dicuntur

81 2526 167 2590 fieri.
226 2529 298 2592 Nec
327 2525 458 2601 ratione.
484 2527 632 2600 aberret,
682 2524 737 2607 qui
780 2523 896 2588 dixerit
928 2509 1094 2616 propriam

83 2629 238 2714 enittsque
259 2642 405 2696 nattuam
427 2651 551 2694 causam
574 2648 642 2692 esse
665 2638 697 2690 et
717 2625 907 2708 principium
929 2649 1094 2722 connexus

83 2753 216 2810 comm,
253 2753 335 2818 quae
358 2753 378 2796 a
399 2751 527 2814 quoqne
549 2732 718 2794 secundum
738 2740 882 2808 patrnam
903 2729 995 2794 fiunt.
1038 2733 1098 2798 Ab·

82 2834 138 2898 illa
168 2835 251 2900 enim
284 2847 321 2898 ut
348 2833 517 2916 plurimum
548 2833 631 2898 vitae
666 2831 828 2895 hominum
856 2854 960 2914 suam
980 2821 1094 2929 seriem

84 2937 266 3022 exitumque
300 2935 472 3019 accipiunt.
530 2935 684 2999 Videmus
706 2933 825 3018 quippe
847 2923 998 3024 eoquod
1020 2959 1094 3024 cor-¹

83 3062 144 3124 pus
165 3041 222 3106 tali
244 3053 299 3106 aut
321 3040 377 3106 tali
401 3049 448 3102 est
476 3038 703 3115 concretione,
743 3049 775 3100 et
793 3059 884 3121 ¹(ptrue
913 3039 945 3103 in
973 3041 1094 3130 morbis

85 3156 118 3206 et
136 3157 241 3210 morte
264 3141 433 3219 eveniunt,
468 3164 506 3208 ea
525 3141 597 3212 {ieri
618 3140 847 3225 convenienter
868 3163 939 3205 eum
960 3143 1095 3230 patrueli

84 3248 330 3332 compactione,
368 3267 433 3313 non
465 3243 627 3320 tamenin
657 3243 801 3308 omnihus
832 3247 943 3330 eodem
972 3247 1092 3324 modo,

84 3371 189 3434 neque
208 3353 304 3434 plane
326 3349 519 3413 necessario.
553 3347 673 3412 Valent
695 3346 777 3410 enim
799 3346 892 3409 talem
916 3367 1094 3438 connexum

84 3453 250 3521 immutare
274 3473 353 3518 carra
375 3450 494 3526 victus,
511 3450 597 3520 *caeli
617 3439 769 3528 mutatio,
793 3447 986 3512 medicorum
1001 3471 1095 3540 prae7

88 3569 187 3640 cepta,
212 3557 365 3622 Deomun
387 3554 531 3620 consilia.
574 3551 652 3617 Pari
666 3554 763 3616 modo
784 3549 926 3631 reperies
948 3553 1042 3617 etiam
1063 3554 1098 3618 in

87 3660 186 3724 animo
223 3659 401 3722 secundum
438 3651 612 3732 naturalem
657 3651 943 3718 conformationem
987 3656 1095 3723 varios

87 3764 274 3849 contingere
308 3781 415 3828 rerum
454 3760 586 3830 dilectus
618 3767 650 3823 et
685 3765 772 3820 actus
791 3767 835 3840 ,et
862 3756 946 3845 vitae
968 3762 1094 3825 modos.

87 3866 199 3934 Mum
222 3863 311 3932 euim
333 3861 451 3926 homini
472 3861 585 3946 cuique
615 3871 687 3924 sunt
710 3857 848 3934 Genius,
888 3871 922 3924 ut
955 3862 996 3932 ait
1026 3863 1095 3926 He.

337 3983 342 3992 “
822 3961 842 4022 2
