2748 4514
142 327 171 363 ⁵
222 309 348 434 105'

216 502 303 628 ἡμᾶς
334 503 384 574 ἀεὶ
416 500 648 596 περιστησεται
677 504 781 572 ταῦτα
811 499 901 572 &N
878 533 902 571 α
932 499 1141 595 πράσσομεν
1188 503 1231 574 οῦ

218 607 286 729 γάρ
305 606 362 676 τὸν
380 602 526 686 ὁπωςοῦν
543 615 658 728 γαριὲν
659 609 830 676 ποιοῦντα
846 610 1042 699 κατορθοῦν
1057 634 1107 686 τις
1131 611 1231 694 λέγει,

217 708 286 780 ἀλλ’
317 706 442 779 055‘
422 707 623 802 αμαρτάνειν
648 707 706 777 τὸν
738 705 885 788 ὁπωςοῦν
907 708 1038 803 φαῦλόν
1067 736 1100 777 τι
1122 707 1232 830 πράτ-

217 840 336 894 τοντα,
368 808 483 882 ἀλλΗ
467 817 614 894 οπωςοῦν
635 817 668 880 ἐν
686 813 817 902 ἐξουσίᾳ
840 819 889 890 τὶς
911 810 1038 880 ἀντῶν
1060 810 1232 904 χειρόνων,

220 914 363 1009 ἀιρεΐται
381 922 437 983 καί
457 912 598 1008 πράσσει
616 913 659 982 τά
674 917 790 1001 βελτίω
807 911 852 996 ⁶),
874 917 991 982 τοῦτον
1012 919 1148 1032 λέγομεν
1171 942 1233 983 κα-

223 1023 387 1140 ³⁰93⁰¹3¹⁷3
430 1017 496 1087 Τὸν
519 1022 598 1106 γοῦν
621 1016 665 1086 τά
684 1016 770 1085 ἀυτά
793 1020 901 1084 ταῦτα
923 1014 988 1084 ἀπὸ
1015 1015 1115 1106 τύχης
1134 1015 1233 1100 ποιή-

149 1177 153 1189 ,
222 1147 328 1191 σαντα
350 1120 459 1190 οὐκέτι
458 1126 613 1242 λὲγομεν
635 1124 846 1213 κατορθοῦν,
883 1116 926 1200 ώς
953 1147 1010 1189 του
997 1123 1234 1214 κατορθοῦν

220 1224 280 1308 τὴν
301 1226 409 1318 κρίσιν
431 1220 490 1291 οῦκ
513 1221 579 1292 ἀπὸ
601 1227 664 1292 τών
691 1228 924 1343 πραττομένων
952 1224 1083 1312 ἔχοντος
1110 1219 1232 1312 μόνον,

219 1324 307 1394 ἀλλά
338 1323 421 1394 πολὺ
451 1321 610 1415 πρότερον
638 1323 704 1392 ἀπὸ
733 1328 791 1408 τῆς
819 1323 909 1408 ίξεώς
931 1352 964 1394 τε
986 1333 1041 1394 καί
1064 1323 1233 1415 δυνάμεως

220 1427 277 1524 ἀφ’
301 1417 342 1511 ἧς
362 1422 556 1551 πράσσεται.
585 1425 694 1494 Καὶ“
678 1455 696 1494 ο
720 1425 821 1506 ἀστὸς
842 1425 979 1516 λόγος’
963 1436 1014 1496 επὶ
1035 1454 1100 1496 των
1122 1425 1232 1521 ἀμαρ-

220 1527 382 1619 τημάτων.
431 1519 566 1608 Οιςὲ
531 1524 613 1597 δὲ
595 1558 615 1612 η
650 1531 779 1612 ἐξουσία
807 1531 843 1611 7)
866 1533 925 1598 τοῦ
956 1528 1112 1621 πράττειν
1146 1527 1233 1600 ἀλλά

220 1660 296 1704 τινα
317 1629 392 1724 παρ’
417 1626 440 1698 ά
461 1629 664 1724 πράττουσιν
685 1631 750 1701 ῦπὸ
772 1635 835 1702 τῶν
857 1631 1078 1727 περιεστώτων
1101 1632 1232 1730 ἀφήρη

224 1765 291 1820 ται,
315 1735 409 1806 οὐδέν
420 1731 534 1816 ἀστοῖς
544 1739 756 1805 συντελοῦσιν
768 1739 783 1816 7
795 1741 827 1820 a)
843 1741 888 1817 ἐις
899 1735 937 1804 τὸ
950 1735 992 1804 τά
1002 1735 1116 1816 ἀυτοῑς
1126 1765 1231 1830 περιε-

222 1844 342 1912 στάναι
364 1837 403 1908 δι’
427 1835 451 1906 ά
471 1836 692 1932 πράττουσιν,
727 1843 795 1919 πώς
827 1838 869 1908 ἀν
897 1841 944 1908 ἔτι
972 1837 1111 1920 τούτους
1140 1839 1229 1923 τὶςὴ

222 1941 441 2037 ἁμαρτάνειν,
462 1939 484 2024 ί)
505 1947 700 2035 κατορθοῦν
722 1948 830 2030 λέγοις
853 1940 927 2012 ὀώτε
949 1941 1096 2064 γάρτῆς
1117 1941 1230 2014 τοιαῦ-

223 2076 282 2131 της
303 2049 411 2130 ἕξεως,
432 2043 489 2136 ἀφ’
513 2037 572 2126 ἧς,
595 2047 693 2113 τῶνδε
714 2048 810 2114 τινών
831 2043 1062 2137 περιεστώτων,
1089 2054 1164 2139 περι
1191 2045 1229 2115 τὸ

221 2149 299 2218 τάδε
321 2147 395 2217 τινά
417 2146 573 2239 πράττειν
594 2144 680 2268 ὁρμὴ
708 2148 737 2228 8)
765 2151 909 2236 γίνεται,
945 2146 1047 2229 ἀστός
1079 2153 1170 2220 ἐστιν
1197 2153 1229 2218 ἐν

224 2248 410 2372 5505555,³
395 2247 470 2318 ον’τε
491 2252 550 2318 τοῦ
582 2249 625 2318 τά
645 2247 844 2341 περιεστῶτα
866 2254 1005 2321 τοιαῦτα
1028 2257 1144 2324 ἐῖναι.
1168 2251 1230 2324 Διά

221 2359 320 2425 τοῦτο
342 2352 407 2446 γάρ
428 2355 492 2421 τών
513 2350 642 2441 ἀλόγων
663 2349 752 2436 ζώων
777 2352 872 2423 οῦδὲν
894 2353 1019 2424 τούτων
1039 2382 1229 2450 κατηγορει-

221 2487 289 2530 ται.
327 2453 602 2546 Ἀγιίμενοςῦὲἱ
586 2465 637 2525 επὶ
658 2454 698 2525 τὸ
717 2453 874 2547 πράττειν
900 2439 966 2526 ῦπό
993 2485 1028 2527 τε
1056 2461 1147 2542 ἕξεως
1174 2467 1228 2528 καί

221 2557 444 2655 περιστάσεων
479 2562 591 2643 τινῶν,
637 2559 775 2649 μηδενὸς
807 2557 919 2652 κύριος
954 2559 1056 2641 ἀυτὸς
1090 2565 1150 2630 τοῦ
1184 2571 1228 2652 μὴ

219 2668 337 2740 τοῦτον
374 2665 456 2752 ἑγειν
487 2661 545 2731 τὸν
576 2659 717 2755 τρόπον,
753 2659 823 2732 '055³
856 2661 897 2733 ἀν
929 2661 1130 2754 ἁμαρτάνειν
1165 2668 1229 2746 ἔτι,

163 2783 165 2787 ’
218 2765 241 2850 ἢ
276 2769 472 2858 κατορθοῦν
508 2769 559 2835 ἐπὶ
595 2772 664 2845 τοῖς
704 2763 789 2844 ὁῦτω
820 2774 1060 2860 πραττομένοις
1091 2774 1229 2856 λέγοιτο.

213 2866 305 2938 Ἕπεὶ
327 2871 361 2935 δὲ
385 2865 418 2936 ὁί
438 2895 473 2937 τε
495 2870 624 2938 ἔπαινοι
645 2877 701 2938 καί
722 2866 846 2965 ψόγοι,
878 2867 1028 2949 κολάσεις
1049 2897 1082 2939 τε
1104 2879 1160 2940 καί
1182 2899 1228 2940 τι-

219 2977 282 3061 μαί
302 2974 353 3038 ἐπὶ
374 2978 445 3049 τοῖς
474 2968 691 3063 ἀμαρτήμασί
718 2999 753 3041 τε
786 2980 842 3041 καὶ
866 2971 1150 3067 κατορθώμασιν,
1187 2973 1228 3054 ὡς

220 3082 278 3144 καὶ
299 3071 395 3142 ἀστοὶ
416 3076 584 3160 λέγουσιν,
617 3079 717 3157 δῆλον
745 3072 788 3156 ώς
816 3073 1060 3169 ἀναιρουμένων
1088 3075 1227 3154 τούτων,

220 3173 378 3272 ἀναιροίά
403 3172 444 3244 ἀίν
465 3173 619 3266 κᾴκείνων
641 3182 794 3248 ἕκαστον·
817 3177 940 3270 τὸγὰρ
962 3183 1157 3272 κατορθοῦν
1178 3185 1229 3250 ε’πί

221 3284 284 3350 τών
306 3283 398 3350 θεῶν
412 3276 458 3348 '05
481 3279 598 3370 κυρίως
621 3278 662 3348 ἀν
683 3286 831 3399 λέγοιτο,
868 3279 937 3349 ἀλλ’
962 3279 1005 3361 ώς
1026 3285 1099 3351 ἴσον
1120 3287 1166 3376 τῷ
1187 3283 1230 3350 τά

219 3382 346 3472 ἀγαθά
359 3388 488 3464 ,ποιεῖν
526 3379 575 3450 'Et
596 3409 633 3471 γε
655 3386 688 3452 ἐν
709 3379 759 3463 ὁῑς
789 3393 849 3472 μὲν
881 3381 919 3452 τὸ
948 3388 1211 3473 κατορθοῦν,’
1195 3413 1228 3454 εν

220 3484 351 3567 τούτοις
372 3495 428 3556 καὶ
443 3484 488 3554 τὸ
511 3482 727 3579 ἁμαρτάνειν,
750 3483 956 3556 ἀνεπίδεκτον
977 3491 1012 3556 δὲ
1036 3490 1098 3556 τῶν
1119 3485 1227 3582 ἀμαρ-

219 3587 373 3711 τημάτων
394 3595 423 3674 9)
452 3587 491 3658 τὸ
512 3596 629 3671 θεῖον,
664 3588 722 3658 διά
741 3592 840 3662 τοῦτο
863 3588 938 3659 οῦδὲ
960 3593 1049 3673 ¹⁰)
1033 3593 1227 3680 επαινοῦμεν

217 3691 295 3772 τοὺς
315 3691 437 3777 θεοὺς,
458 3696 518 3764 τοῦ
539 3685 592 3763 ὅτι
613 3696 779 3788 κρείττους
800 3718 883 3762 εισιν
903 3690 972 3761 κατ’
996 3695 1149 3776 ἐπαίνους
1170 3703 1225 3764 καί

219 3795 262 3865 τά
283 3791 332 3890 ἐφ’
357 3792 408 3875 ὁῖς
430 3802 461 3866 οί
482 3797 611 3872 ἔπαινοι
617 3849 626 3881 ,
649 3793 913 3890 κατορθώματα.
