2748 4514
229 314 304 377 ειο
402 265 405 284 ’

303 591 400 672 Μηδὲ
421 591 541 658 ἐκεῖνον
563 593 598 657 δὲ
620 591 864 681 παραλείπομεν
889 584 948 653 τὸν
972 581 1072 674 λόγον
1079 637 1089 670 ,
1111 576 1139 680 ᾧ
1161 587 1261 678 θαῤ-

240 696 356 786 ῥούσιν
377 688 421 772 ώς
442 689 606 762 δεικνύναι
629 697 796 784 δυναμένῳ
815 696 842 773 ¹)
872 692 937 758 τών
964 695 1187 782 προκειμένων
1214 715 1262 759 τι.

241 801 390 888 Λέγουσι
417 792 503 888 γάρ·
538 793 600 864 ούκ
620 797 689 864 ἔστι
709 797 742 880 ²)
766 804 825 884 μὲν
849 789 987 877 τοιαύτη
1009 790 1029 876 ἡ
1057 796 1267 884 εἰμαρμένη,Ι

239 897 299 970 οὐκ
323 900 393 968 ἔστι
418 903 454 968 δὲ
479 895 687 988 πεπρωμένη,
719 896 798 968 ούδέ
819 902 894 966 ’ἐστι
916 901 1107 986 πεπρωμένη
1141 903 1170 980 ⁵)
1196 895 1261 966 ούκ

240 1004 311 1074 ἔστι
325 1007 360 1071 δὲ
374 999 475 1085 ἀῐσα,
498 1000 574 1071 οὐδέ
589 1005 658 1070 ἐστι
675 1011 735 1092 μὲν
753 999 855 1084 ἀῐσα,
885 998 944 1070 ούκ
966 1002 1035 1069 ἔστι
1061 1004 1097 1068 δὲ
1116 1006 1260 1090 νέμεσις,

241 1104 301 1176 οὐκ
319 1107 390 1174 ἔστι
409 1115 469 1194 μὲν
485 1110 611 1195 νέμεσις
626 1099 674 1189 ⁴),
707 1103 767 1174 οὐκ
790 1106 912 1173 ἔστιδὲ
934 1101 1052 1197 νόμος,
1086 1101 1166 1172 ούὸέ
1186 1108 1260 1172 ἐστι

237 1220 297 1299 μέν
318 1207 436 1298 νόμος,
458 1205 518 1275 οὐκ
540 1209 662 1279 ἔστιδὲ
685 1204 784 1296 λόγος
799 1205 912 1301 ὀρθὸς
932 1204 1175 1300 προςτακτικὸς
1196 1216 1259 1297 μέν

240 1304 285 1380 ὧν
305 1316 474 1393 ποιητέον,
496 1307 757 1404 ἀπαγορευτικὸς
776 1315 812 1379 δὲ
835 1302 879 1379 ών
901 1308 940 1378 ού
962 1315 1137 1394 ποιητέον·
1168 1308 1259 1379 ἀλλά

238 1411 481 1507 ἀπαγορεύεται
517 1422 579 1500 μὲν
606 1412 650 1482 τὰ
686 1411 967 1507 ἁμαρτανόμενα,
1015 1410 1259 1505 προςτοίττεται

197 1531 199 1537 ’
238 1522 276 1586 δὲ
303 1515 346 1586 τοί
373 1513 645 1608 κατορθώματα·
682 1514 743 1584 οὐκ
767 1515 836 1610 ἀρα
867 1519 937 1586 ἔστι
967 1525 1029 1606 μὲν
1056 1514 1200 1601 τοιαύτη
1234 1514 1256 1602 ἡ

215 1703 217 1706 ¹
238 1624 415 1713 έιμαρμένη
424 1672 433 1702 ,
455 1616 515 1688 οὐκ
531 1620 601 1688 ἔστι
615 1624 650 1689 δὲ
665 1616 892 1713 ἁμαρτήματα
906 1626 963 1688 καὶ
979 1616 1256 1711 κατορθώματα·

236 1720 308 1793 ἀλλ’
339 1724 365 1791 ἐί
382 1726 481 1790 σέστιν
505 1718 731 1816 ἁμαρτήματα
763 1731 819 1792 καὶ
846 1718 1124 1815 κατορθώματα,
1165 1711 1255 1793 ἔστιν

238 1825 339 1921 ἀρετὴ
352 1833 409 1894 καί
428 1828 543 1895 κακία·
565 1832 594 1896 έι
614 1830 789 1909 δὲταῦτα,
811 1827 880 1896 ἔστι
897 1823 1001 1895 καλόν
1019 1832 1075 1892 καὶ
1094 1822 1255 1919 ἀισχρόν·

236 1928 325 1999 ἀλλὰ
349 1928 388 1998 τὸ
409 1939 470 2020 μὲν
493 1929 596 1999 καλὸν
614 1929 800 2011 ἐπαινετὸν,
824 1928 863 1996 τὸ
891 1933 926 1997 δὲ
951 1926 1089 2021 ἀισχρὸν
1110 1926 1279 2024 ηνεκτόν·Δ

235 2031 297 2101 οὐκ
318 2032 387 2125 ἀρα
411 2034 481 2101 ἔστι
507 2043 568 2123 μὲν
591 2031 729 2116 τοιαύτη
759 2029 780 2115 ἡ
809 2036 987 2124 ἑιμαρμένη
999 2084 1008 2114 ,
1041 2029 1101 2100 ούκ
1122 2033 1253 2102 ἔστιδὲ

235 2134 409 2204 ἐπαινετὸν
435 2142 492 2203 καί
519 2133 661 2230 ψεκτόν·
697 2133 784 2206 ἀλλὰ
810 2133 855 2201 τό
885 2143 945 2222 μὲν
973 2134 1127 2203 ἐπαινετὰ
1156 2140 1253 2225 τιμῆς

203 2253 207 2262 “
233 2236 332 2320 ἀξια,
369 2234 413 2305 τὰ
437 2242 473 2305 δὲ
494 2237 604 2333 ψεκτὰ
625 2236 804 2322 κολάσεως·
841 2235 901 2306 ούκ
922 2235 991 2331 ἀρα
1010 2239 1079 2306 ἔστι
1100 2246 1163 2329 μέν
1184 2265 1253 2309 τοι-

237 2339 323 2424 αύτη
350 2336 371 2424 ἡ
400 2343 594 2434 ἑιμαρμένη,
631 2340 692 2411 ούκ
728 2343 798 2410 ἔστι
828 2346 866 2410 δὲ
897 2339 976 2432 τιμὴ
1013 2348 1069 2409 καὶ
1097 2339 1251 2426 κόλασις,

235 2441 306 2514 ἀλλ’
329 2446 400 2513 ἔστι
421 2454 482 2534 μὲν
500 2443 578 2535 τιμὴ
599 2450 700 2538 γέρως
721 2441 873 2528 ἀξίωσις,
897 2441 917 2527 ἡ
938 2449 972 2512 δέ
994 2441 1131 2524 κόλασις
1153 2448 1251 2514 έπαν·
1305 2495 1310 2510 ,

240 2544 394 2641 όρθωσις
417 2551 463 2632 5)·
496 2546 555 2618 ούκ
581 2547 648 2642 ίίρα
673 2553 741 2617 ἐστὶ
766 2557 826 2638 μὲν
855 2543 993 2631 τοιαύτη
1013 2545 1034 2630 ἡ
1055 2550 1249 2640 έιμαρμένη·

231 2649 298 2720 ούκ
312 2654 383 2722 ἔστι
400 2657 502 2743 γέρως
518 2650 651 2735 ἀξίωσις
668 2658 723 2719 καὶ
744 2647 988 2744 ἐπανόρθωσις.
1026 2647 1078 2718 ’Ec
1094 2653 1130 2718 δέ
1144 2654 1249 2720 ταῦτα

238 2751 410 2849 ἀφῄρηται
441 2754 471 2838 ⁶)
503 2764 563 2845 μὲν
599 2758 683 2824 ε’ίναι
718 2751 849 2826 πόντων
879 2759 1055 2844 γινομένων
1089 2751 1173 2826 καθ’
1206 2757 1248 2825 εἰ·

235 2861 404 2946 μαρμένην
429 2856 685 2951 κατορθώματα
705 2885 740 2928 τε
761 2865 818 2928 καὶ
839 2854 1082 2950 ἁμαρτήματα,
1116 2858 1177 2927 καί
1201 2882 1247 2924 τι-

233 2965 297 3051 μπλ
332 2966 389 3026 καὶ
426 2957 597 3045 κολούσεις,
646 2969 702 3032 καί
732 2966 835 3055 γέρως
867 2960 1000 3046 ἀξίωσις
1033 2967 1092 3029 καί
1115 2962 1245 3032 ἔπαινοι

236 3069 294 3134 καὶ
320 3058 436 3159 ψόγοι.

676 3171 792 3238 ΛΣΤ.

292 3267 401 3342 Ἀλλὰ
422 3265 529 3338 τοῦτοί
548 3296 584 3359 γε
606 3275 634 3340 ἐι
656 3281 716 3360 μὲν
732 3267 798 3340 ύπό
823 3296 920 3340 τινων
940 3269 1053 3341 ἀιτίων
1073 3263 1244 3362 περιεστώ

118 3413 121 3420 1
156 3381 160 3390 “
235 3399 299 3450 των
323 3371 438 3454 ἀετοῖς
462 3370 567 3458 ὁύτως
596 3370 838 3462 ἀναγκάζονται
863 3380 982 3463 λέγειν,
1015 3369 1245 3462 συγγινώσκων

236 3472 351 3555 ἀυτοῖς
370 3474 484 3561 ἀξιον,
516 3484 571 3546 καὶ
597 3475 692 3546 οὐδέν
716 3482 769 3547 δεῖ
776 3497 803 3545 ὀ
1062 3484 1073 3544 ί
1102 3478 1167 3544 τῶν
1192 3469 1241 3541 ὑπ’

231 3579 363 3646 ἐκείνων
384 3577 453 3647 κατ’
477 3578 621 3669 ἀνάγκην
646 3587 825 3671 λεγομένων
841 3587 1143 3673 πολυπραγμονεῖν,
1170 3574 1242 3646 ὀύτε

227 3682 377 3759 ε’κείνους
399 3690 471 3774 περὶ
502 3688 564 3754 τών
589 3683 649 3775 οὐχ
663 3682 790 3774 ,ὁμοίως
812 3683 926 3765 ἀυτοῐς
953 3681 1112 3773 λεγόντων
1150 3675 1242 3765 (έκύ-

234 3806 326 3862 στοις
352 3780 417 3874 γὰρ
444 3788 506 3854 τῶν
527 3792 706 3878 λεγομένων
731 3815 766 3858 τε
797 3795 852 3856 καὶ
875 3784 1037 3871 δοξώντων
1059 3785 1152 3856 ἀιτία
1174 3788 1202 3867 ¹)
1218 3779 1241 3864 ἡ

233 3887 297 3956 τών
316 3882 539 3974 περιεστώτων
561 3886 713 3980 δύναμις)
733 3898 789 3961 καὶ
811 3888 907 3962 οὐδέν
923 3894 976 3960 δεῖ
989 3888 1070 3969 τοὺς
1088 3892 1241 3974 λέγονται·
