2694 4508
103 523 281 589 cestarium
306 533 372 597 est,
407 531 454 583 est
476 532 647 583 aeternum.
694 513 793 599 Quod
816 521 896 584 enim
919 525 959 582 ex
980 521 1118 584 necessi·

103 639 167 691 tate
188 627 246 704 lit,
274 647 316 689 eo
337 624 409 706 ipso
431 626 518 706 quod
538 623 592 699 fit,
616 624 710 684 habet
734 644 792 684 cur
811 634 971 686 aeternum
986 623 1117 687 nonsit.

104 731 218 814 Neque
249 737 335 792 vero
363 725 533 789 enuntiatio
563 745 599 788 ea
627 745 708 808 qnae
730 726 801 788 hoc·
816 726 911 802 dicit,
942 725 1119 789 necessaria

106 843 175 910 ost,
215 831 245 895 si
274 830 309 893 id
336 831 422 913 quod
444 849 593 910 per-eam
617 827 823 912 signficatur,
860 843 1001 918 nonest
1029 830 1116 892 tale:

107 955 170 1000 non
204 935 291 1000 enim
319 931 381 996 iam
412 929 513 994 omnis
546 931 717 994 enuntiatio
750 931 926 994 necessaria
963 933 1043 1010 erit,
1086 932 1119 995 in

105 1059 167 1122 qua
187 1025 407 1101 necessarium
429 1031 545 1116 aliquid
565 1032 766 1108 continetur3
799 1054 902 1118 neque
931 1057 972 1098 ex
1000 1057 1040 1100 eo
1070 1033 1118 1097 ‹li-
1248 1061 1250 1068 s

105 1139 299 1204 indicabitur
321 1135 495 1200 enuntiatio
517 1136 706 1199 necessaria.
751 1137 791 1200 Id
812 1157 892 1201 vero
907 1149 1027 1201 tantum
1049 1141 1118 1216 (ne-

106 1242 280 1308 cosa-ium
312 1243 381 1320 est)
417 1243 508 1322 quod
538 1239 673 1304 transire
702 1261 743 1303 ex
764 1262 844 1304 vero
865 1241 897 1304 in
919 1242 1032 1304 falsum
1048 1261 1119 1306 oon

109 1357 233 1429 potest.
277 1345 376 1427 Quod
396 1343 423 1406 si
443 1343 498 1421 id,
524 1345 610 1428 quod
632 1343 842 1408 necessarium
863 1365 928 1409 non
951 1358 1019 1422 est,
1043 1343 1120 1407 nibil

108 1459 198 1512 vetat
217 1469 328 1512 verum
351 1467 421 1512 esse
441 1457 477 1509 nt
497 1446 594 1510 ittudz
618 1467 706 1510 cras
728 1447 828 1512 mari
848 1448 1117 1533 pugnabitur,

104 1551 209 1618 neit
219 1553 310 1637 quod
326 1569 391 1614 non
407 1561 454 1614 est
466 1549 676 1614 necessarium
693 1551 796 1620 addita
812 1553 935 1615 demiun
949 1549 1120 1616 necessarii

105 1653 346 1741 significatione
364 1674 477 1720 venam
499 1671 568 1716 esse
591 1653 723 1717 desinit:
746 1672 811 1718 non
832 1655 870 1717 fit
886 1666 988 1718 autem
1004 1651 1120 1736 aliquid

107 1757 321 1822 necessarium
343 1777 383 1822 eo
407 1761 494 1841 quod
516 1759 647 1822 addatur
669 1777 711 1819 ex
732 1757 916 1838 necessitate
938 1756 1031 1834 fleri,
1066 1757 1121 1818 sed

108 1881 219 1925 verum
246 1871 372 1937 manet,
403 1861 534 1944 perinde
557 1881 594 1922 ac
614 1860 642 1922 si
663 1858 800 1922 additum
822 1880 886 1921 non
907 1845 1040 1932 luisset}
1064 1878 1121 1922 ve·

108 1985 179 2028 nim
210 1963 310 2048 igitur
344 1962 405 2026 erit
437 1963 575 2027 crastino
608 1963 658 2025 die
695 1961 895 2026 commissum
922 1963 1021 2026 luisse
1045 1960 1123 2024 mari

93 2054 275 2152 'praelium
333 2065 487 2147 Quodsi
516 2087 557 2128 ex
584 2065 791 2142 necessitate,
827 2085 891 2128 non
920 2085 998 2130 sano
1020 2087 1061 2128 ex
1083 2085 1122 2128 eo
1207 2134 1210 2139 ,

106 2171 196 2254 quod
216 2179 289 2232 ante
312 2189 429 2250 anceps
450 2168 566 2232 ficerat.
626 2168 709 2230 Tum
738 2189 819 2232 vero
848 2166 876 2230 si
905 2171 979 2253 qnia
1011 2191 1123 2234 rerum
1183 2253 1186 2256 Ι
1253 2153 1255 2160 ’

108 2283 176 2348 est,
214 2291 285 2334 oras
307 2269 389 2333 mari
409 2269 625 2356 pugnabitur,
660 2275 785 2353 semper
813 2269 941 2335 inlatis
963 2271 1026 2348 lluit
1046 2274 1123 2337 illud

108 2375 191 2439 mari
211 2374 366 2458 praelium
388 2373 564 2450 committi,
583 2387 676 2459 certe
698 2376 725 2438 si
746 2373 778 2437 in
799 2373 873 2436 fatis
895 2373 929 2436 id
950 2374 1030 2451 luit,
1056 2387 1124 2439 erat

104 2477 300 2554 inevitabile,
325 2489 358 2541 et
371 2477 399 2540 si
412 2476 604 2554 inevitabile,
629 2477 689 2540 iam
704 2499 768 2547 non
784 2487 912 2560 poterat
924 2497 994 2540 ease
1011 2489 1121 2541 utnon

106 2581 212 2646 lim-et.
237 2581 336 2661 Quod
347 2599 429 2644 vero
440 2601 503 2643 non
518 2591 627 2664 potest
641 2601 704 2644 non
719 2579 812 2655 fieri,
836 2580 870 2640 id
884 2601 1014 2643 necesse
1029 2591 1076 2643 est
1090 2593 1124 2644 ut

108 2685 177 2749 tat.
193 2683 293 2765 Quod
307 2703 389 2747 vero
400 2681 595 2765 impossibile
610 2696 737 2747 estnon
752 2681 834 2759 fieri,
849 2685 1014 2766 quomodo
1030 2686 1068 2748 de
1083 2705 1122 2750 eo

109 2787 256 2854 dicetur:
292 2785 401 2870 potuit
429 2796 460 2850 et
481 2805 547 2850 non
568 2784 667 2848 fieri?
710 2784 793 2849 Nam
815 2787 905 2868 quod
926 2786 1149 2874 impossihile·

109 2901 159 2955 cst
177 2909 245 2954 non
267 2888 358 2966 lieri,
382 2888 415 2952 id
435 2900 472 2951 ut
492 2888 547 2952 liat
567 2888 790 2952 necessarium.
835 2889 889 2952 Ex
903 2889 1048 2972 ipsorum
1062 2891 1123 2978 igi·

108 3005 161 3058 tor
188 2991 346 3058 sententia
372 2991 549 3054 necessaria
576 3002 666 3055 erant
694 3011 776 3074 quae
806 2991 889 3057 Fato
917 2993 1017 3071 liunt,
1058 3015 1120 3058 uon

111 3109 232 3174 mem,
257 3107 294 3160 ut
313 3095 376 3179 ipsi
397 3095 539 3158 ludentes
560 3095 759 3179 loquuntur,
795 3096 953 3179 ancipitia.

391 3210 395 3219 ‘
583 3199 649 3262 XI.

181 3304 356 3368 Praeterea
377 3322 457 3364 vero
479 3302 507 3365 si
528 3313 640 3366 cuncta
662 3323 742 3386 quiae
770 3303 870 3378 fiunt,
910 3323 952 3364 ea
975 3301 1054 3364 liunt
1082 3324 1123 3368 ex

113 3405 280 3490 praeiectis
304 3417 338 3468 et
360 3405 492 3469 delinitis
522 3417 552 3469 et
580 3405 868 3490 antegrediontibus
898 3405 1021 3482 causis,
1060 3408 1122 3470 iam

113 3511 230 3574 bostra
254 3508 317 3573 erit
340 3508 442 3571 omnis
463 3507 623 3572 hominum
646 3507 835 3573 consultatio
858 3509 896 3568 de
913 3510 1008 3571 rebus
1025 3531 1122 3595 agen-

114 3613 171 3678 tlia.
215 3613 317 3694 Quod
339 3611 367 3674 ai
389 3611 431 3674 ita
452 3621 517 3688 est,
541 3613 660 3676 frustra
681 3613 780 3676 homo
802 3610 903 3673 lactus
928 3625 975 3674 est
991 3617 1029 3674 ad
1045 3606 1122 3677 con'-

116 3717 293 3780 saltandum
316 3715 461 3778 idoneus.
496 3714 593 3796 Quod
615 3715 641 3776 si
664 3726 775 3777 natura
797 3733 908 3777 eorum
931 3737 1010 3799 quae
1033 3718 1122 3798 prin·

115 3821 259 3903 dpaliter
279 3817 381 3894 l‘acit,
413 3817 489 3882 nihil
510 3818 586 3882 lacit
609 3817 743 3890 trustra
781 3829 816 3879 ut
838 3829 940 3880 autem
962 3820 1060 3883 homo
1083 3819 1123 3882 sit

113 3925 223 3992 uiuat
245 3921 553 3997 consultabundum,
590 3922 620 3986 id
643 3943 660 3984 a
682 3931 793 3984 nauua
816 3933 863 3984 cst
884 3919 1118 4002 principaliter,

1194 801 1208 835 X
