2694 4508
247 303 265 363 6

243 465 369 554 άυτῶν,
390 469 448 540 διά
469 471 508 539 τὸ
530 468 643 555 σώζειν
663 469 855 562 βούλεσθαι
877 473 935 556 τὴν
956 475 1040 567 πρὸς
1061 475 1165 557 άυτάς
1180 477 1266 547 άκο-
1323 537 1324 544 ,

242 577 392 643 λουθίαν
423 573 530 656 άλλως
563 573 805 664 ἀναγκάζονται
833 582 953 666 λέγειν·
991 577 1052 661 [δι’
1086 575 1127 663 66
1149 579 1267 652 άιτίαν

242 673 319 745 οὐδὲ
340 675 570 772 Ἀναξαγόρας
591 675 610 748 6
632 683 858 770 Κλαζομένιος
891 679 944 765 ²),
982 683 1039 750 καί
1066 709 1119 752 τοι
1151 681 1267 754 τάλλα
1312 615 1324 784 Ιλ

243 778 287 850 ίίν
309 785 342 851 ἓν
369 787 442 862 τοῖς
469 786 530 866 τῆν
561 782 706 878 φυσικὴν
742 786 969 908 φιλοσοφίαν
986 783 1268 909 6660606666666
1309 791 1312 832 ¹

243 883 303 955 οὐκ
324 883 581 979 άπερῥιμμέυος,
604 883 664 956 οὐκ
685 883 876 970 ἀξιόπιστος
899 885 969 972 ⁵)’
949 892 1202 983 αντιμαρτυρῶν
1224 895 1267 988 τῆ

243 991 335 1110 6066
356 991 421 1058 τῶν
443 987 633 1086 ἀνθρώπων
653 991 761 1068 πίστει
774 997 847 1084 περὶ
862 993 1073 1085 έιμαρμένης,
1095 991 1237 1081 λέγει
1195 1021 1266 1087 γαρ

244 1089 342 1174 ὁῦτός
362 1119 398 1179 γε
419 1097 522 1183 μηδὲν
543 1095 607 1162 τῶν
620 1099 798 1182 γινομένων
820 1088 851 1177 4)
872 1097 1031 1181 γίνεσθαι
1046 1093 1161 1165 καθ’τ
1145 1124 1266 1190 ειμαρ·
1251 1120 1304 1264 ρ

242 1198 362 1284 μένην,
397 1194 485 1264 άλλά
507 1199 591 1266 έῖναι
612 1195 705 1267 κενὸν
724 1199 823 1265 τοῦτο
851 1194 1041 1288 τόάυομα1,
1076 1200 1108 1269 τί
1130 1203 1167 1268 δέ
1186 1201 1261 1269 ποτ’

244 1301 331 1368 ἐστίν
352 1297 421 1382 ⁵)‘
402 1327 423 1382 η
446 1301 639 1392 έιμαρμένη,
661 1307 717 1368 καὶ
739 1303 772 1368 έν
792 1301 887 1382 τίσιν,
909 1297 1018 1370 οὐκέτι
1040 1297 1080 1385 ⁶).
1113 1299 1173 1373 06
1194 1301 1264 1426 γάρ

243 1399 346 1492 μόνον
368 1399 428 1498 οὐκ
449 1395 651 1486 άλληλοις“
628 1429 788 1486 απαντες,
810 1399 879 1470 ἀλλ’
904 1399 1020 1472 οὐδὲ
1001 1432 1022 1486 η
1046 1406 1110 1473 τῶν
1098 1402 1266 1528 ἀνθρά-

244 1515 314 1574 πων
334 1503 427 1589 κοινὴ
439 1502 652 1628 πρόληψις“
641 1504 735 1589 ικανι)
764 1509 862 1574 τοῦτο
891 1507 1054 1595 μηνῦσαι
1091 1504 1167 1576 ὀάτε
1195 1507 1265 1640 γάρ

244 1601 445 1732 66666069‘'
422 1635 586 1692 απαντες,
634 1607 720 1678 άλλά
749 1607 877 1679 0666'
858 1606 963 1732 αυτὸς
990 1607 1081 1704 άυτῷ
1108 1636 1161 1690 τις
1188 1618 1266 1731 περὶ

245 1708 348 1795 άυτῆς
369 1709 420 1781 άεὶ
441 1709 483 1780 τά
514 1711 602 1784 άυτά
630 1710 773 1796 δοξάζω
809 1710 892 1805 πρὸς
924 1711 989 1803 γάρ
1018 1713 1096 1794 τούς
1124 1711 1265 1807 καιρούς
1292 1738 1295 1751 ·

245 1839 296 1898 τε,
318 1821 374 1883 καὶ
387 1815 449 1896 τὰς
462 1811 683 1910 περιεστώσας
698 1814 808 1906 τύχας,
827 1823 883 1884 καὶ
903 1814 966 1898 τὴν
986 1823 1059 1908 περὶ
1074 1820 1134 1900 τῆς
1148 1819 1264 1910 ἑιμαρ-

245 1923 344 2009 μένης
365 1916 465 2003 δόξαν
485 1925 740 2015 μεταφέρουσιν.
764 1913 863 1988 Ὅσοι
883 1927 943 2006 μὲν
964 1917 1027 2010 γάρ
1051 1918 1159 1990 άυτῶν
1179 1917 1263 1990 πάν-

245 2047 289 2091 τα
310 2020 393 2091 266³
417 2026 614 2116 έιμαρμένην
634 2025 793 2110 γίνεσθαι
815 2027 964 2109 λέγουσι,
985 2021 1045 2104 τὴν
1065 2025 1263 2115 έιμαρμένην

245 2121 542 2218 ὑπολαμβάνουσιν
574 2121 795 2216 άπαράβατόν
831 2151 906 2194 τινα
941 2122 1051 2193 άιτίαν
1087 2128 1171 2193 έῑυαι
1206 2131 1264 2194 καί

246 2223 511 2320 άναπόδραστον.
571 2223 663 2296 Ἕισὶ
690 2223 720 2296 δ’
752 2226 802 2308 ὁῖς
830 2225 870 2296 06
898 2224 1008 2296 πάντα
1036 2225 1080 2296 τά
1106 2223 1263 2317 γινόμενα
1323 2219 1324 2235 ’

247 2334 341 2399 δοκεῖ
357 2328 387 2413 7)
408 2332 568 2418 γίνεσθαι
592 2328 675 2399 καθ’
706 2333 922 2423 έιμαρμένην,
958 2328 1028 2399 ἀλλ’
1060 2332 1143 2402 έίναί
1170 2357 1263 2412 τινας
1322 2321 1323 2324 “

246 2429 522 2523 ὑπολαμβάνουσι
544 2435 608 2502 τάν
629 2438 805 2522 γινομένων
826 2441 883 2502 καὶ
903 2431 1009 2514 ἄλλως
1031 2431 1161 2514 άιτίας·
1190 2431 1259 2503 ἀλλ’

248 2533 324 2605 οὐδὲ
345 2533 406 2620 τὴν
427 2529 624 2630 έίμαρμένην
654 2535 683 2619 ⁸)
714 2533 817 2619 άυτὴυ
838 2535 878 2605 τὸ
900 2533 1021 2624 πάγιόν
1041 2561 1076 2605 τε
1097 2543 1153 2606 καὶ
1175 2533 1261 2606 άπα-

248 2635 398 2731 ράβατον
418 2639 500 2730 ἔχειν
522 2642 697 2723 τίθενται,
734 2636 821 2708 άλλά
840 2640 996 2727 γίνεσθαί
1024 2665 1099 2709 τινα
1122 2643 1261 2708 καὶτῶν
1321 2669 1322 2693 1

248 2740 330 2811 καθ’
348 2745 543 2835 έιμαρμένηυ
556 2745 716 2832 γίνεσθαι
730 2738 940 2837 πεφυκότων,
962 2739 1001 2811 06
1017 2739 1086 2810 κατ’
1104 2739 1207 2826 άυτὴν
1220 2745 1259 2826 9),

249 2842 335 2913 ἀλλά
356 2844 449 2938 παρὰ
470 2853 611 2937 μοῖραν,
648 2843 690 2926 ὡς
712 2850 744 2914 οί
772 2847 908 2929 ποιηταί
939 2870 1046 2940 φασι,
1082 2853 1138 2914 καί
1170 2844 1260 2938 παρά
1320 2909 1321 2918 ,

248 2946 310 3031 τὴν
329 2951 534 3042 έιμαρμένην.
572 2947 663 3018 'Em
685 2945 715 3019 ὅ
740 2946 791 3030 ὁῑς
811 2973 890 3017 ποτε
911 2945 1019 3017 πάντα
1040 2949 1198 3034 γίνεσθαι
1218 2946 1260 3016 τά

248 3048 406 3174 γινόμενα
427 3055 521 3120 δοκεῖ
537 3050 659 3121 καέίΗ
643 3057 858 3146 ειμαρμένην,
896 3059 950 3122 καί
978 3049 1109 3144 μάλιστ
1139 3049 1181 3122 άν
1201 3049 1257 3121 άυ-

249 3163 319 3234 τοῖς
341 3154 381 3223 τά
405 3157 463 3240 τῆς
484 3151 582 3282 τύχης
603 3155 689 3239 ιο)
670 3158 860 3281 αντιπίπτη·
896 3158 1143 3284 κατορθοῦντες
1171 3158 1241 3222 δὲ
1226 3175 1257 3224 6

250 3265 321 3338 τοῖς
342 3262 581 3352 προκειμένοις,
603 3257 725 3339 άυτούς
746 3255 872 3339 άιτίους
893 3263 975 3327 έίναι
998 3261 1063 3326 τῶν
1084 3263 1256 3380 6660666-

249 3359 364 3450 μάτων
384 3358 698 3451 ὑπολαμβάνουσιν,
721 3357 764 3443 ὡς
784 3359 844 3431 οὐκ
865 3359 907 3430 66
929 3357 1185 3446 ἀπαντησάντων
1197 3363 1256 3430 τῶν
1318 3375 1319 3382 ’

253 3462 505 3590 άπηντηκότφν,
534 3468 563 3536 έι
585 3463 632 3553 μι)
656 3463 751 3533 άυτο)
777 3461 854 3534 τάδε
877 3465 1005 3555 μᾶλλον
1022 3466 1165 3587 ἔπραξαν
1188 3461 1256 3540 άντ)
1317 3523 1318 3532 ,

251 3564 394 3692 66666‘
373 3597 416 3648 ως
430 3569 555 3658 ἔχοντες
570 3576 625 3640 καὶ
640 3570 699 3636 τοῦ
709 3565 754 3693 μὴ
766 3565 921 3657 πράττειν
935 3566 1023 3638 άυτά
1034 3566 1093 3651 τὴν
1104 3568 1255 3689 ἐξουσίαν
1317 3549 1318 3609 ί

254 3667 340 3740 Δί’
318 3696 359 3754 ην
374 3671 593 3798 666666666'
574 3673 740 3760 αναγκαία
753 3681 823 3751 τοῖς
837 3673 1082 3767 φιλοσοφουσιν
1096 3698 1117 3752 η
1129 3666 1255 3754 ζήτησις
1316 3679 1317 3728 ί

238 3803 341 3906 Ιπερι
314 3777 439 3859 ¹²)
399 3801 457 3858 της
428 3776 672 3868 γίιμαρμένης
684 3828 692 3858 ,
716 3773 775 3844 οὐκ
797 3778 825 3842 ἐι
838 3775 942 3856 ἔστιν,
965 3771 1093 3841 αλλα
1061 3799 1093 3841 τι
1107 3770 1176 3842 ποτ’
1193 3776 1253 3841 ἐστὶ

252 3887 307 3950 καί
318 3905 358 3949 εν
380 3879 446 3948 τίσι
467 3881 530 3947 τῶν
551 3883 727 3966 γινομένων
742 3874 862 3960 έστίνὴ
884 3873 1021 3959 τοιαύτη
1044 3880 1087 3960 ¹²)
1110 3872 1214 3970 φάσις.
