2748 4514
273 283 312 346 96

269 452 392 540 διρον,
420 441 539 534 καὶμὴ
560 444 694 528 ποιῆσαί
715 463 792 510 ποτε
814 441 852 510 τό
869 438 1039 562 γινόμενον
1060 438 1133 521 ⁷)'¹
1111 468 1153 510 αν
1179 437 1268 510 ἐσλό-

269 579 334 638 γως
354 544 405 618 ὑπ
433 545 555 630 ἄντοῦ,
587 551 614 615 ἐι
631 546 780 638 προείποι
798 551 847 624 τίς
867 541 956 638 ἀντῷ
973 541 1093 634 μάντις
1114 541 1189 627 ἐξ
1168 542 1268 632 ανάγ-

269 681 329 736 κης
344 649 445 720 άυτὸν
455 652 552 718 τοῦτο
569 645 710 742 πράξειν.
736 644 842 715 Τοῦτό
857 671 910 715 τοι
923 653 978 714 καί
997 653 1028 716 οἱ
1038 645 1174 737 μάντεις
1185 651 1266 716 ἐῖναι

271 756 400 842 λέγουσί
420 779 453 821 τε
473 747 678 846 ὑφορώμενοι
691 751 706 822 7
718 753 759 832 a),
781 746 955 844 φεύγοντες
974 748 1052 830 τοὺς
1068 748 1266 843 παραπόδας

270 861 433 946 ἐλέγχους,
467 853 561 924 οὐδέν
592 856 722 922 τοιοῦτο
751 857 882 940 λέγουσι
917 857 987 930 τοῖς
1018 855 1145 939 ἐλέγξαι
1173 857 1267 922 δονα-
1357 851 1358 875 ³

175 995 179 1003 ·
268 964 394 1048 μένοις,
422 954 491 1026 ἀλλ’
516 949 621 1049 ὥσπερ
647 954 684 1024 τό
715 954 792 1034 τοὺς
808 951 948 1047 χρόνους
966 951 1083 1044 ὁρίζειν
1104 957 1170 1024 τἰῖιν
1190 981 1268 1048 προ
1354 1048 1359 1058 Ι

269 1067 450 1149 λεγομένων
468 1056 519 1128 ὑπ’
533 1057 655 1152 άντων,
677 1055 720 1138 ὡς
741 1061 915 1147 ἐσομένων,
937 1053 981 1136 ὡς
1000 1059 1187 1145 ἐνέλεγκτον
1207 1086 1267 1152 φο·

271 1162 469 1244 λάσσονται,
506 1158 591 1230 ὁότω
619 1157 779 1254 φεύγουσι
807 1166 862 1227 καί
898 1156 937 1226 τό
963 1165 1132 1251 προλέγειν
1157 1187 1190 1229 τι
1216 1169 1267 1229 καί

269 1261 497 1354 μαντεύεσθαι
515 1265 547 1360 ἕ)
565 1271 634 1344 τοῖς
648 1266 838 1352 δυναμένοις
857 1264 1058 1355 παραχρῆμα
1075 1260 1114 1331 τὸ
1134 1260 1267 1333 6666-
1361 1295 1362 1312 ι

271 1392 366 1438 μενον
386 1368 523 1449 ποιῆσαι
543 1367 603 1434 τοῦ
623 1361 858 1454 μαντεύματος.

749 1579 793 1644 Λ.

340 1676 387 1748 Τὸ
409 1682 445 1746 δὲ
469 1681 573 1766 λέγειν
593 1674 728 1766 έόλογον
749 1682 832 1747 έῑναι
849 1675 927 1758 τοὺς
947 1675 1051 1757 θεοὺς
1068 1674 1113 1745 τά
1131 1675 1266 1769 ἐσόμενα

270 1785 454 1874 προειδέναι
485 1778 624 1863 (όίτοπον
649 1780 714 1873 γάρ
735 1779 774 1849 τό
795 1785 897 1868 λέγειν
919 1782 1056 1860 ἐκείνους
1083 1777 1215 1869 ἀγνοεῖν
1237 1809 1266 1850 τι
1364 1853 1365 1869 ,

268 1886 333 1954 τῶν
358 1888 528 1972 ἐσομένων)
556 1887 731 1954 καὶτοῦτο
760 1880 990 1972 λαμβάνοντας
1016 1881 1267 1968 κατασκευάζειν

269 1990 456 2079 πειρᾶσθαι
476 1983 515 2055 δι’
540 1985 644 2056 άοτοῦ
659 1985 698 2054 τό
715 1982 823 2054 πάντα
838 1988 871 2069 ἐξ
886 1983 1028 2074 ἀνάγκης
1046 2012 1080 2054 τε
1100 1990 1267 2075 γίνεσθαι,

269 2087 417 2157 καὶκαιῗ
433 2091 636 2179 έιμαρμένιγν,
658 2085 732 2157 όύτε
753 2086 891 2172 άληδὲς,
913 2086 987 2157 όότε
1009 2085 1154 2177 ἐόλογον.
1204 2094 1267 2174 Τῆς

268 2198 328 2278 μὲν
355 2188 420 2282 γάρ
451 2186 580 2283 φύσεως
606 2195 665 2274 τῆς
696 2193 759 2261 τῶν
784 2187 985 2285 πραγμάτων
1020 2195 1119 2261 τοῦτο
1142 2191 1266 2287 χωροί-

269 2317 329 2377 σης
356 2295 400 2374 ¹),
432 2291 622 2375 06666662)
656 2291 872 2388 ἐυλογιότερον
902 2299 1021 2364 έιὸέναι
1047 2297 1176 2383 μᾶλλον
1207 2298 1267 2366 τῶν

267 2399 360 2466 6636
377 2393 421 2464 τά
438 2400 617 2486 μέλλοντα,
638 2393 809 2478 οἰδονάτονΙ
825 2394 853 2468 6
873 2394 971 2482 όόσης
986 2401 1014 2480 ³)
1033 2396 1093 2482 τὴν
1112 2395 1268 2484 τοιαύτην
1367 2471 1368 2492 ρ

267 2495 450 2592 πρόρῤησιν
471 2505 526 2568 καί
549 2496 732 2592 πρόγνωσιν
753 2504 930 2590 δέχεσθαι,
967 2499 1042 2572 οὐδὲ
1066 2499 1144 2582 τούς
1162 2501 1268 2582 θεοὺς
1367 2503 1368 2506 '

264 2601 404 2691 ἐόλογον
432 2603 481 2676 ἔτι
507 2604 630 2691 γίνεται
654 2600 693 2670 τό
722 2607 840 2672 ἐιδέναι
870 2607 902 2674 τί
926 2607 990 2673 τῶν
1010 2601 1183 2675 ἀδυνάτων
1208 2610 1270 2688 ⁵6).
1367 2613 1368 2636 ²

276 2703 384 2772 Τά
347 2731 421 2799 γαρ
442 2703 590 2775 άδόνατα
618 2707 657 2801 τῇ
680 2702 788 2775 άοτῶν
812 2703 912 2829 μύσει
939 2698 967 2790 4)
1001 2715 1056 2776 καί
1080 2706 1174 2796 παρά
1200 2717 1269 2789 τοῖς

269 2813 367 2886 θεοῖς
385 2806 444 2892 τὴν
468 2806 605 2933 άυτίγν
594 2805 754 2931 φυλάττει
774 2806 885 2904 φύσιν
928 2807 1104 2880 Αδόνατον
1127 2809 1194 2904 γάρ
1217 2820 1270 2881 καί

267 2915 339 2989 τοῖς
358 2909 493 2990 θεοῖς“
471 2940 491 2979 6
514 2939 552 2978 το
570 2911 629 2996 τὴν
647 2909 820 3005 διάμετρον
835 2915 974 2994 ποιῆσαι
991 2939 1030 3010 τῃ
1014 2915 1174 3007 πλευρᾷ
1189 2912 1269 3004 σύμ-

268 3037 404 3135 μετρρν,
439 3011 524 3096 ἢτόι
549 3019 599 3094 δις
623 3011 683 3082 δύο
710 3020 802 3084 πέντε
830 3018 929 3097 ἐῑναι,
965 3013 1069 3098 ἢτῶν
1089 3015 1270 3104 γεγονότων

268 3143 302 3184 τι
323 3115 369 3235 μέγ
386 3120 552 3204 γεγονέναι
580 3118 620 3198 ⁵).
680 3115 822 3186 Οὐδὲ
784 3145 848 3210 γαρ
878 3115 935 3201 τὴν
955 3115 1062 3210 ἀρχὴν
1091 3116 1271 3206 βούλονταί

267 3247 301 3289 τι
323 3222 387 3290 τῶν
413 3214 582 3288 ἀδυνάτων
608 3214 637 3302 ⁶)
666 3216 764 3300 (ὁότω
788 3219 852 3313 γάρ
868 3209 918 3304 ἦν’
933 3225 967 3289 ἐν
992 3228 1061 3300 τοῖς
1079 3226 1271 3346 λεγομένοις

265 3319 498 3446 δυςχωρία,)(
481 3327 531 3401 οἷς
552 3317 672 3410 ὁμοίως
692 3318 856 3393 άδόνατον
872 3328 929 3392 καί
949 3320 1035 3392 τὸέν
1053 3322 1272 3448 ρίκείαφόοει

270 3425 343 3513 ὲγον
364 3424 402 3493 τὸ
428 3422 601 3494 δύνασθαι
623 3427 784 3513 γενέσθαί
814 3452 848 3494 τε
875 3433 930 3494 καὶ
951 3424 1015 3516 μὴ,
1048 3423 1092 3507 ὡς
1116 3426 1271 3520 ἐσόμενον

268 3523 398 3606 πάντως
420 3528 465 3609 ⁷),
497 3524 523 3650 6²1³
544 3525 587 3610 ὠς
606 3525 652 3618 μὴ
674 3526 842 3656 ἐσόμενον,
874 3525 958 3598 ὁότω
985 3534 1180 3623 προειδέναι.
1219 3531 1270 3603 Ει

267 3656 333 3722 γαρ
355 3657 376 3714 6
404 3637 476 3723 περί
504 3630 611 3702 ἀυτῶν
635 3629 714 3727 πρό
730 3630 837 3702 άυτῶν
864 3628 1047 3758 πρόγνωσις
1073 3632 1207 3727 ἀναιρεῖ
1233 3635 1271 3704 τό

269 3734 302 3800 ἐν
327 3731 440 3812 άντοῖς
464 3732 688 3825 ἐνδεχόμενον,
724 3731 876 3820 66606‘
854 3763 897 3815 ως
926 3738 955 3804 ἐι
983 3732 1120 3819 σόζοιτο
1153 3742 1270 3822 τοῦτο,
1367 3745 1368 3756 ’

268 3830 431 3915 ἀδύνατος
460 3834 501 3906 όίν
526 3835 545 3920 ἡ
566 3845 638 3930 περί
665 3836 772 3911 ἀυτῶν
800 3833 982 3932 πρόγνωσις
1003 3841 1061 3923 ε’ίη.
1101 3834 1180 3911 Ὅτι
1206 3840 1269 3935 γάρ
