2748 4514
150 248 296 344 ’κο

252 457 356 520 ποιεῖν
365 472 378 532 ,·
409 448 466 520 διὰ
488 447 547 532 τὴν
570 451 680 519 πίστιν
708 448 766 516 τοῦ
795 441 852 516 καὶ
871 451 973 535 μηδὲν
993 442 1275 539 ἡμῶνπραγμα-

253 560 432 642 πενομένων
455 559 528 642 περὶ
557 554 622 620 τῶν
644 555 829 644 πρακτέων,
864 547 903 617 τό
929 547 1066 644 ὄφειλον
1080 553 1275 637 «γενέσθαι.

251 652 355 725 ’θύτω
383 659 418 724 δὲ
440 653 564 724 τούτων
586 651 742 744 ἐχόντων,
785 649 952 744 πρόδηλον
980 647 1025 731 ὡς
1052 647 1276 744 αἷρετότερον

254 764 324 837 τοῖς
345 761 575 852 φιλοσοφοῦσι
606 756 665 840 τὴν
693 752 942 849 ἀκινδννότερον
970 751 1049 824 ὁδὸν
1077 751 1199 834 ἀυτούς
1238 779 1275 822 τε

254 857 448 946 ἀιρεῑσθαι,
469 867 525 929 καὶ
546 858 623 940 τούς
645 858 767 938 ἀλλους
789 856 891 947 ἀγειν.

313 1062 372 1136 ’ον
389 1073 500 1196 γεῑρον
521 1071 556 1136 δὲ
579 1060 704 1158 τούτων
727 1065 1063 1188 προτεθεωρημένων,
1095 1067 1154 1134 καὶ
1178 1053 1272 1132 ἀυτά

253 1165 298 1238 τίι
327 1177 399 1262 περὶ
426 1172 486 1252 τῆς
505 1172 700 1296 έιμαρμένης
723 1165 775 1238 ὑπ’
799 1165 908 1238 ἀντῶν
929 1163 1087 1257 λεγόμενα
1096 1170 1270 1352 μαρδιθε·

254 1276 372 1358 μένους
392 1274 438 1353 ¹,)
463 1269 581 1340 ίδείν’
566 1277 592 1340 εί
613 1289 695 1340 τινα
711 1265 868 1354 τοιαύτην
892 1271 955 1360 ἔχει
975 1269 1109 1392 βίανΩ)
1118 1265 1192 1352 ,ὡς
1214 1263 1270 1338 ε’ύ-

254 1377 402 1460 λογον’
386 1399 469 1442 ειναι
494 1371 552 1442 διά
583 1371 642 1456 τὴν
668 1371 752 1465 πρὸς
780 1371 818 1441 τό
840 1369 971 1456 ἀληθές
1000 1368 1203 1456 οἰκειότητα
1212 1398 1259 1440 κα

253 1477 317 1543 τῶν
341 1479 484 1594 ἐναργῶν
505 1471 608 1554 ὁύτως
629 1472 803 1568 ὑπερορᾶν
846 1473 968 1545 Ἔσται
988 1473 1072 1543 δὲ“
1053 1482 1131 1565 ημῖν
1160 1481 1218 1544 καὶ
1248 1470 1268 1542 ὁ

252 1582 325 1670 περὶ
346 1575 471 1650 τούτων
491 1574 624 1666 λόγος
608 1585 658 1647 επὶ
682 1582 864 1661 τοσοῦτον,
885 1575 935 1700 ἐφ
956 1571 1039 1647 ὅσον
1063 1581 1133 1648 ἐστὶ
1151 1574 1269 1684 χρήσω

253 1705 316 1767 μος
335 1679 419 1774 πρὸς
438 1679 483 1750 τά
503 1684 708 1775 προκείμενα
757 1685 854 1753 Φασὶ
870 1679 910 1764 δὴ
937 1678 995 1751 τὸν
1020 1676 1148 1770 κόσμον
1173 1667 1268 1750 τόνδε

253 1784 312 1852 ἕνα
336 1780 434 1866 ὄντα,
470 1790 526 1854 καὶ
556 1781 665 1854 πάντα
696 1782 740 1855 τά
769 1783 851 1855 όντα
880 1789 914 1855 ἐν
938 1781 1029 1877 ἀντῷ
1057 1787 1266 1876 περιέχοντα,

208 1961 210 1966 ,
251 1890 319 1956 καὶ
335 1883 399 1956 ύπό
425 1882 554 1982 φύσεως
578 1885 803 1978 διοικούμενον
827 1891 962 1971 ζωτικῆς
986 1913 1020 1956 τε
1044 1893 1099 1955 καὶ
1122 1889 1267 1976 λογικῆςι

252 1994 309 2056 καί
327 1993 459 2082 νοεράς,
491 1992 573 2080 ἔχειν
590 1990 650 2074 τὴν
668 1995 732 2061 τῶν
752 1989 854 2061 όντων
875 1993 1035 2074 διοίκησιν
1053 1986 1164 2060 ἀΐδιον
1182 1987 1266 2059 κατά

252 2088 366 2180 ἐιρμόν
391 2117 466 2160 τινα
494 2099 549 2160 καὶ
581 2089 673 2176 τάξιν
695 2096 908 2186 προϊοῦσαν,
935 2097 999 2162 τῶν
1026 2086 1163 2183 πρώτων
1196 2098 1267 2172 τοῖς

250 2190 335 2278 μετὰ
359 2197 465 2262 ταῦτα
491 2200 676 2284 γινομένοις
704 2193 817 2266 ἀιτίων
844 2201 1036 2286 γινομένων,
1079 2200 1135 2263 καὶ
1158 2193 1265 2288 τούτῳ

251 2297 300 2388 τῷ
319 2293 431 2390 τρόπῳ
447 2301 683 2387 συνδεδεμένων
701 2302 728 2382 ³)
748 2294 901 2368 ἀπόντων
917 2295 1092 2382 ἀλλήλοις,
1115 2304 1173 2367 καὶ
1187 2295 1267 2389 μήτε

252 2393 338 2468 όύτω
360 2399 449 2479 τινός
473 2403 507 2468 έν
528 2397 619 2494 ἀντῷ
642 2406 832 2492 γινομένου,
869 2398 912 2482 ὡς
932 2399 978 2491 μὴ
996 2398 1127 2481 πόντος
1148 2404 1266 2470 ἐπακο-

251 2505 392 2591 λονθεῐν
413 2499 504 2598 ἀντῷ
525 2509 580 2574 καὶ
607 2508 788 2598 συνῆφθαι
809 2502 852 2584 ὡς
875 2501 971 2596 ἀιτίῳ
991 2499 1101 2596 ἕτερόν
1118 2531 1171 2588 τι,
1191 2500 1264 2594 μήτ’

251 2600 295 2674 ἀῦ
314 2606 377 2674 τῶν
398 2607 627 2696 ἐπιγινομένων
639 2606 729 2688 τινὸς
746 2604 982 2676 ἀπολελύσθαι
1003 2608 1266 2696 δυναμένωντῶν

251 2701 519 2799 προγεγονότων,
556 2705 599 2790 ὡς
619 2705 665 2799 μή
691 2735 756 2782 τινι
779 2707 855 2793 έξ’
835 2711 943 2780 αυτῶν
964 2712 1211 2782 ἐπακολουθεῖν
1236 2703 1264 2790 4)
1308 2693 1316 2711 x

252 2800 360 2901 ίίσπερ
384 2808 616 2902 σννδεόμενον,
654 2809 743 2884 ἀλλά
764 2839 862 2882 παντι
885 2839 919 2882 τε
944 2814 990 2906 τῷ
1009 2816 1177 2937 γινομένῳ
1202 2816 1265 2882 ἓτε-

252 2904 338 3032 ρόν
330 2937 363 2979 τι
380 2913 686 2999 ἐπακολουθεῖν,
667 2920 848 3007 ηρτημένον
870 2912 940 2998 ἐξ
920 2917 1024 2982 αυτοῦ
1043 2911 1087 2982 ἐπ’
1113 2911 1265 3002 ἀνάγκης,

252 3007 297 3094 ὡς
318 3009 451 3097 ἀιτίον,
480 3024 536 3086 καὶ
560 3022 627 3088 πάν
650 3018 690 3088 τὸ
707 3014 883 3106 γινόμενον
902 3018 984 3106 ἔχειν
1003 3043 1036 3085 τι
1058 3015 1123 3110 πρὸ
1148 3015 1266 3098 ἀυτον,

234 3106 279 3210 ,ᾧ
312 3113 355 3197 ὡς
382 3113 477 3211 ἀιτίῳ
505 3116 723 3211 συνήρτηται
745 3124 868 3209 μηδὲν
850 3119 961 3213 νγάρ
997 3117 1152 3200 ἀναιτίως
1185 3117 1265 3211 μήτε

252 3186 336 3288 έῑναι
360 3216 442 3311 μήτε
466 3222 624 3310 γίνεσθαι
644 3226 709 3292 τῶν
730 3226 763 3293 έν
787 3225 834 3316 τῷ
855 3219 985 3315 κόσμῳ,
1022 3218 1079 3292 διά
1102 3220 1142 3291 τό
1166 3227 1266 3314 μηδὲν

106 3355 111 3370 ·
199 3403 201 3408 ¹
253 3324 336 3392 έίναι
366 3326 400 3392 έν
424 3321 515 3419 ἀντῷ
539 3321 779 3415 ἀπολελυμένον
808 3351 842 3393 τε
863 3332 920 3394 καλ
944 3329 1179 3418 κεχωρισμένον
1202 3328 1265 3396 τῶν

251 3421 498 3515 προγεγονότων
519 3423 687 3498 ἀπόντων
725 3431 945 3498 διασπᾶσθαι
965 3426 1029 3522 γάρ
1050 3436 1107 3500 καί
1128 3432 1266 3520 διαιρεῖ-

253 3531 344 3594 σθαι
372 3535 429 3596 καὶ
454 3536 569 3619 μηκέτι
598 3529 657 3600 τόν
682 3527 810 3621 κόσμον
842 3536 899 3606 ἕνα
930 3537 1037 3622 μένειν
1064 3529 1132 3615 ἀεὶ,
1177 3528 1267 3620 κατά

251 3629 331 3715 μίαν
350 3625 441 3713 τάξιν
465 3642 575 3704 τεκαὶ
597 3633 786 3725 οἰκονομίαν
802 3632 1043 3726 διοικούμενον,
1065 3637 1094 3704 ἐι
1115 3632 1265 3716 ἀναίτιος

252 3755 303 3810 τις
324 3728 487 3820 εἰςάγοιτο
502 3739 643 3822 κίνησις,
680 3734 721 3820 ἣν
741 3735 954 3826 εἰςάγεσθαι,
970 3740 1004 3806 ’ἐι
1023 3735 1067 3826 μὴ
1088 3733 1197 3805 πάντα
1221 3737 1265 3808 τά

251 3832 331 3904 ὄντα
365 3861 398 3904 τε
426 3844 481 3906 καὶ
507 3836 662 3927 γινόμενα
690 3843 753 3932 ἔχει
790 3839 862 3912 τινὰ
892 3837 982 3912 ἀίτια
1016 3835 1264 3932 προγεγονότας
