2694 4508
1091 274 1109 334 t

80 439 115 500 in
132 437 272 501 diversa
288 437 328 497 ab
349 433 415 498 aliis
435 435 619 502 discedunt·
641 435 758 517 [Quam
781 439 824 501 ob
847 459 914 503 rem
937 437 1105 506 Clazome-

82 541 161 606 nius
192 541 431 623 Anaxagoras,
477 561 654 622 quanquam
686 540 717 602 in
744 541 810 606 aliis
839 565 904 608 non
925 545 1105 628 postremus

83 669 206 712 eorum
242 645 430 728 quinorum
460 636 590 708 naturae
619 643 723 709 studio
755 645 948 732 incubuere,
985 648 1017 710 in
1045 649 1105 712 hac

82 773 122 814 rc
147 749 257 814 videri
271 761 379 830 potest
394 749 488 812 fidem
502 771 567 814 non
583 749 714 824 mereri,
739 771 810 812 cum
821 751 1028 816 consentienti
1041 753 1103 816 ho·-

84 853 211 918 minum
231 856 272 916 de
292 853 376 918 Fato
393 852 591 936 persuasioni
605 875 640 916 se
656 853 810 918 obiectet.
854 855 910 920 Ait
928 856 1010 919 enim
1028 855 1101 920 ille:

83 958 167 1022 nihil
181 959 270 1022 Fato
290 955 362 1042 lieri
384 978 495 1022 eorruu
522 979 601 1040 quae
622 957 721 1020 fiunt:
759 959 815 1022 sed
831 957 922 1022 inane
946 961 1011 1022 hoc
1032 981 1101 1024 esse

84 1062 239 1141 nomem]
273 1059 361 1141 Quid
375 1081 454 1126 vero
469 1061 510 1126 sit
528 1051 642 1126 Fatum
657 1073 689 1124 et
703 1060 817 1144 quibus
835 1060 867 1124 in
882 1063 976 1126 rebus
994 1063 1098 1140 situm,

82 1167 117 1228 id
139 1187 210 1228 non
234 1185 337 1246 aeque
353 1165 530 1248 expeditum
545 1175 610 1228 cst·
649 1165 732 1228 Nam
753 1165 817 1229 hoc
834 1165 937 1248 ipsum
951 1188 1016 1230 uon
1030 1189 1100 1231 mo·
1196 1181 1198 1188 '
1240 1155 1246 1172 '

82 1273 128 1334 do
158 1291 227 1333 non
253 1267 399 1350 homines
430 1268 482 1332 alii
511 1269 597 1346 aliis,
641 1271 698 1332 sed
736 1290 796 1332 nee
825 1269 894 1353 ipsa
926 1270 1098 1334 communis

82 1373 261 1454 praenotio
287 1371 362 1436 satis
388 1372 538 1455 explicat.
582 1373 653 1438 Imo
673 1394 739 1436 non
758 1383 877 1438 tantum
898 1397 962 1438 non
975 1396 1097 1439 ‚omnes

83 1475 262 1552 omnibus,
287 1478 345 1538 sed
365 1497 423 1540 nec
447 1476 563 1562 singuli
590 1474 715 1542 sibimet
741 1476 818 1560 ipsis
839 1499 965 1560 semper
988 1479 1096 1541 eadem

85 1583 148 1648 tac
166 1583 206 1644 de
228 1601 267 1644 re
283 1578 431 1643 sentiunt.
475 1581 558 1644 Nam
575 1593 673 1662 prout
690 1592 761 1644 sunt
778 1593 924 1663 tempora
943 1603 1095 1664 casusque

86 1707 215 1760 rennn,
256 1682 301 1747 ita
327 1683 442 1766 singuli
463 1686 501 1746 de
524 1685 607 1748 Fato
629 1683 810 1766 opinionem
834 1697 967 1749 mutant.
1032 1685 1096 1765 Qui
1207 1693 1211 1697 ’
1321 1713 1325 1721 ·

86 1799 203 1850 cuncta
222 1787 310 1850 Fato
332 1799 459 1850 censent
480 1787 569 1862 fieri,
593 1787 615 1850 ii
636 1809 694 1868 per
711 1789 825 1850 Fatum
839 1810 963 1850 causam
981 1789 1095 1852 intelli-

87 1904 165 1974 gunt
179 1888 399 1966 inevitabilem
417 1903 511 1973 atque
527 1889 789 1953 inextricabilem.
813 1878 893 1953 Sunt
911 1889 963 1953 alii
981 1889 1094 1972 quibus

86 2015 150 2059 non
179 1992 291 2058 omnia
318 1993 464 2057 ridentur
487 1995 569 2063 Fato
600 1992 687 2071 fieri,
726 1993 842 2076 quique
874 2013 984 2058 eorum
1013 2014 1095 2076 quae

87 2099 167 2160 fiunt
195 2096 292 2160 etiam
321 2097 395 2160 alias
427 2120 535 2162 causas
558 2119 627 2161 csse
649 2097 844 2174 existimant,
883 2119 986 2180 neque
1013 2117 1093 2160 vero

85 2201 170 2264 Fato
199 2211 314 2282 putant
342 2201 405 2264 vim
436 2201 520 2264 illam
551 2201 653 2264 inesse
681 2201 893 2281 praefractam
922 2197 1016 2283 atque
1044 2201 1092 2263 in·

86 2305 322 2386 superabilem:
343 2307 399 2368 sed
417 2316 448 2368 et
468 2305 619 2388 quaedam
637 2326 747 2366 eorum
769 2325 848 2387 qnae
862 2316 993 2385 possent
1008 2305 1091 2367 Fato

86 2405 175 2480 lieri,
198 2425 266 2470 non
280 2406 459 2484 fieriFato,
483 2411 556 2484 sed,
581 2420 616 2470 ut
630 2409 745 2489 po‘e'tae
759 2409 950 2490 loquuntur,
976 2418 1092 2469 extra

85 2521 246 2574 sortem
267 2510 493 2594 latumque.
524 2512 602 2574 Sunt
620 2511 694 2574 item
709 2508 763 2592 qni
776 2521 852 2571 tunc
866 2509 999 2571 maxime
1014 2531 1091 2572 cun-

88 2625 137 2676 eta
154 2613 240 2678 Fato
255 2611 308 2696 agi
321 2613 517 2691 existimant,
542 2637 613 2678 cum
631 2616 765 2678 adversa
778 2611 854 2694 ipsis
869 2612 924 2673 flat
938 2611 1089 2675 sorttma:
1197 2681 1201 2699 k

89 2729 118 2778 et
137 2716 234 2778 iidem
255 2727 358 2780 tamen
379 2740 449 2780 cmn
467 2738 547 2800 quae
569 2729 724 2782 conantur
744 2735 899 2797 prospere
923 2713 1000 2796 ipsis
1015 2736 1091 2778 eve·

89 2819 197 2895 nient,
235 2832 335 2884 semet
356 2839 467 2884 corum
485 2841 685 2884 successuum
703 2827 812 2882 causas
834 2817 945 2882 haberi
963 2818 1086 2894 volunt,

25 2941 30 2952 ’
90 2923 175 3005 qnasi
201 2944 267 2986 non
288 2936 487 3004 proventura
507 2925 624 2988 fuerint
649 2945 686 2986 ea
707 2944 786 3006 quiae
807 2941 1003 3004 provenere,
1028 2921 1088 2984 nisi
1187 2933 1190 2938 '

90 3025 146 3106 ipsi
165 3025 212 3088 sic
234 3035 267 3088 et
292 3047 357 3090 non
381 3027 473 3091 aliter
496 3028 652 3110 egissent,
690 3029 777 3109 quod
792 3026 826 3100 in
840 3025 983 3107 ipsorum
1003 3024 1088 3090 arbi·
1162 3093 1164 3100 χ

91 3129 150 3192 trio
162 3129 263 3192 suerit
284 3127 357 3192 talia
377 3151 441 3193 non
457 3151 566 3214 agere.
610 3131 717 3210 Quare
742 3130 774 3192 in
795 3141 881 3192 tanta
904 3127 1087 3208 opinionum
1181 3161 1183 3164 ·

92 3230 278 3296 dissonantia
299 3233 394 3316 digna
407 3244 454 3296 est
468 3233 666 3315 philosophis
681 3233 824 3316 quaestio
846 3235 884 3296 de
900 3231 999 3304 Fato,
1023 3251 1089 3292 non
1116 3223 1118 3229 ’

92 3355 126 3394 an
147 3333 202 3409 sit,
243 3335 302 3396 sed
321 3333 398 3418 quid
417 3335 475 3409 sit,
511 3334 687 3417 quibusque
712 3335 744 3400 in
765 3339 860 3402 rebus
881 3354 962 3416 quae
987 3332 1086 3408 sumis

91 3449 136 3500 aut
157 3436 336 3512 exsistunt,
360 3437 423 3504 vim
445 3460 532 3502 suain
553 3451 691 3504 exserat.

487 3691 698 3714 dum—b·-
