2754 4510
1064 313 1126 384 ast

117 493 231 550 nostra
255 490 434 565 potestate,
466 480 584 544 animae
605 481 697 549 simul
718 484 881 548 essentiam
903 486 985 550 tolli.
1029 488 1126 554 Nosti

118 597 225 650 antem
240 583 330 648 euius
342 582 470 646 scholae
480 583 576 648 luerit
587 583 765 668 Simplicius
775 633 795 664 ,A
810 590 958 672 quodque
980 611 1022 653 ex
1038 571 1125 656 Aca-¹

119 689 244 754 demico
265 687 356 752 fonte
381 707 474 769 quam
497 685 667 751 lentissime
688 689 850 767 hauserit,
889 693 962 755 dum
990 693 1125 759 Ammo-

119 792 206 856 ninm
253 802 286 856 et
327 788 528 854 Damascium
565 789 709 854 Platonis
758 791 947 873 interpretes
992 795 1125 860 audivit.

120 895 377 978 olympiodorus
410 904 512 957 autem
544 891 576 956 in
614 891 858 958 Commentariis
889 894 921 958 in
948 897 1124 982 Gorgiam:

119 997 332 1073 effoeminati,
356 995 479 1080 inquit,
503 995 597 1060 animi
617 1008 685 1073 est,
709 997 828 1082 siquis
856 999 960 1078 omnia
980 1021 1124 1066 necessa·

119 1102 170 1166 rio
193 1101 267 1165 fieri
288 1099 446 1165 existimet
473 1101 643 1162 seeundum
669 1099 802 1179 Fatum,
847 1099 924 1166 nihil
948 1114 1053 1166 autem
1083 1124 1125 1168 ex

118 1204 294 1288 proposito
314 1191 441 1267 nostro.
484 1202 563 1267 Noli
580 1202 679 1280 enim,
701 1203 820 1288 inquit,
845 1205 1013 1283 arbitrari,
1038 1211 1125 1290 quod

118 1319 252 1392 praeter
271 1305 386 1371 Fatum
410 1305 495 1370 mori
514 1327 579 1370 non
600 1305 723 1390 possis:
756 1318 849 1390 potes
875 1308 976 1387 enim,
1001 1309 1028 1373 si
1044 1332 1124 1392 pro-

117 1403 261 1495 positum
286 1408 451 1496 coegerit,
486 1408 638 1493 siquidem
656 1421 688 1474 et
712 1411 827 1474 Fatum
848 1411 986 1494 ipsuma
1012 1413 1125 1496 provi·

118 1515 223 1580 dentis
251 1516 381 1597 pendet.
437 1514 557 1578 Iterum
585 1519 667 1578 iero
694 1513 726 1577 in
754 1514 862 1578 iisdem
892 1516 1123 1580 commentariis

118 1618 238 1684 inducit
271 1616 476 1682 Ammonium
503 1617 707 1694 statuentem,
746 1617 833 1700 qnod
868 1631 973 1683 motus
1004 1619 1124 1684 animae

117 1734 315 1807 spontaneus
339 1719 411 1784 Fati
442 1719 529 1804 leges
554 1719 660 1784 vincat
686 1719 734 1782 his
760 1719 880 1784 verbis.
924 1723 999 1806 Ego
1027 1723 1121 1801 enim,

117 1825 241 1910 inquit,
278 1823 357 1888 novi
378 1821 539 1899 homines,
577 1822 632 1906 qui
661 1833 811 1907 quantum
836 1825 877 1885 ad
900 1824 1123 1909 Astrologiam

117 1933 240 1996 habent
264 1927 466 2010 horoscopos
494 1925 728 2002 adulterorum,
764 1937 795 1988 et
818 1937 923 1988 tamen
945 1938 1124 2009 temperan-

118 2046 168 2099 tes
194 2043 290 2109 stmt‚
329 2029 472 2094 vincente
494 2029 639 2093 nimirum
660 2029 763 2093 libero
788 2029 898 2092 mentis
919 2042 1020 2095 motu.
1079 2033 1124 2094 Et

120 2137 151 2202 in
176 2133 404 2200 commentario
435 2134 468 2196 in
493 2132 689 2198 Alcibiadem
728 2153 769 2196 ex
805 2131 866 2196 illis
894 2132 956 2197 Dei
983 2133 1123 2198 interro·

122 2239 304 2327 gationibus
328 2236 450 2314 enasci,
489 2238 576 2320 quod
593 2235 677 2299 vitae
697 2236 779 2300 ratio
797 2239 967 2300 secundnm
992 2236 1123 2302 electio·

120 2365 193 2408 nem
217 2343 291 2418 fiat,
320 2361 386 2405 non
407 2361 487 2405 vero
512 2339 696 2403 necessitate
721 2351 869 2424 cogente.
913 2339 1000 2404 Dicit
1020 2339 1121 2416 enim;

120 2447 152 2512 in
178 2445 334 2524 consiliis,
370 2448 415 2525 (et
431 2443 551 2527 repotit
575 2441 657 2506 idem
673 2443 706 2506 in
727 2442 916 2524 Republica)
939 2442 1032 2525 culpa
1064 2442 1120 2506 eli-

122 2550 223 2638 gentis
243 2562 311 2627 est,
335 2549 423 2613 Deus
441 2569 521 2613 vero
546 2547 667 2610 insons.
711 2546 755 2609 Et
769 2545 895 2610 iterum.
939 2545 1013 2609 Vos
1034 2545 1122 2610 Dae-

121 2675 246 2720 monem
271 2652 414 2738 eligetis,
448 2673 514 2716 non
539 2669 619 2714 vero
648 2649 795 2714 Daemon
815 2669 875 2712 vos
901 2647 1017 2734 eliget:
1061 2650 1123 2713 Est

120 2757 202 2846 enim
219 2758 266 2822 ·in
293 2755 388 2821 vobis
414 2753 568 2820 eiusmodi
598 2752 683 2816 vitae
713 2751 869 2817 rationem
894 2750 1030 2838 eligere3
1066 2753 1124 2817 sed

120 2861 175 2926 ubi
210 2859 380 2946 eligeritis,
417 2880 483 2925 non
511 2857 581 2921 iam‘
602 2856 737 2920 liberum
765 2867 812 2919 est
838 2854 945 2920 faeere
971 2876 1052 2941 qnae
1080 2876 1123 2920 ex

121 2967 182 3030 hac
201 2965 268 3028 vita
290 2973 539 3048 consequuntur,
563 2962 619 3024 sed
646 2958 868 3023 necessarium.
912 2958 1008 3023 Nosti
1039 2979 1122 3022 vero

120 3069 275 3134 Proclum
299 3065 392 3130 etiam
413 3067 446 3130 in
471 3062 642 3128 Elementis
670 3060 878 3148 Theologicis
906 3062 1010 3126 dicere
1034 3062 1123 3144 quod

120 3171 209 3238 Deus
237 3192 289 3235 res
322 3169 540 3255 contingentes
567 3166 746 3231 necessario
783 3165 879 3244 sciat,
917 3176 1012 3247 atque
1040 3157 1120 3228 adeo

119 3295 172 3340 res
196 3273 416 3360 contingentes
445 3292 532 3350 esse,
571 3271 764 3353 concedere,
809 3267 1011 3333 Ammoninm
1039 3287 1121 3332 vero
1219 3259 1222 3266 ’

119 3378 229 3444 iisdem
253 3376 361 3442 verbis
393 3372 483 3459 quasi
517 3395 558 3438 ex
586 3373 783 3438 lemmatibus
805 3368 1004 3437 Iamblicheis
1029 3391 1122 3432 usum

119 3503 206 3560 esse,
231 3481 286 3545 ubi
306 3477 530 3560 Aristotelem,
560 3478 593 3541 in
614 3477 698 3540 libro
724 3478 763 3538 de
789 3471 1056 3556 Interpretatione
1081 3475 1121 3536 de
1195 3541 1198 3548 ,
1289 3519 1334 3540 ,.

119 3585 323 3672 contingente
355 3583 537 3666 loquentem
576 3579 815 3662 interpretatur.
873 3575 965 3658 Qttos
994 3575 1122 3660 quidem

119 3689 196 3752 tales
214 3699 383 3770 tantosque
408 3684 495 3749 viros
520 3705 586 3748 non
602 3693 732 3762 ,temere
757 3679 826 3764 quis
855 3678 920 3744 levi
945 3699 1045 3762 opera
1067 3698 1119 3741 re·
1236 3712 1240 3720 ,

118 3793 289 3886 darguem
312 3789 347 3856 si
374 3788 472 3874 igitur
500 3790 540 3851 ad
567 3788 646 3850 haec
672 3803 800 3870 quoque
828 3783 1022 3866 respondere
1049 3780 1120 3861 pla·

117 3895 235 3974 cuerit,
259 3913 361 3976 neque
371 3903 436 3958 tam
448 3891 591 3958 laborem
604 3901 710 3968 tuum,
734 3908 827 3974 quam
840 3887 980 3956 &uotum
994 3903 1118 3958 eorem,
