2748 4514
1071 275 1119 391 aa

114 503 225 572 manda
249 491 323 556 fieri
349 512 389 553 ex
411 489 610 564 necessitate,
635 491 707 574 qnia
729 489 864 567 seilicet,
898 493 934 557 ni·
958 496 989 559 id
1011 509 1118 572 esset‚.

113 621 173 662 non
202 607 337 679 possent
372 594 432 656 ista
460 594 638 674 praenosci.
704 596 800 676 Quod
834 595 860 658 si
893 619 932 660 ex
969 598 1112 664 Deorum

112 697 420 784 praesignificatione
443 717 480 758 ao
500 697 707 777 praenotione
728 700 898 762 necessitas
920 701 1012 764 etiam
1029 706 1121 784 apud.

112 805 201 866 istos.
218 813 333 866 contra
363 821 443 883 quos
472 820 530 863 nos
559 799 749 882 disputamus
775 814 863 864 recte
891 803 1046 881 insertur,
1084 807 1120 870 si,

112 907 170 968 iam
194 905 225 968 in
251 907 349 968 rebus
368 903 490 968 nonsit
508 903 692 980 necessitas,
728 925 922 987 consequens
944 907 1003 969 erit
1019 908 1121 974 etiamx

113 1009 320 1090 exipsorum
346 1007 498 1070 sententia
520 1027 584 1070 non
608 1008 775 1088 praenosci
804 1008 912 1071 sutura
939 1031 978 1072 ne
1007 1012 1125 1092 aDiis

112 1111 250 1194 padam.
294 1110 407 1192 Itaque
434 1122 465 1172 et
495 1108 557 1190 ipsi
574 1110 708 1192 aliquam
728 1111 943 1193 impotentiam
964 1112 1033 1176 Diis
1059 1135 1120 1176 re-,

110 1214 279 1296 linquunt,
309 1212 336 1274 si
360 1216 456 1276 modo
477 1211 678 1294 impotentiae
705 1214 772 1302 sive
797 1214 983 1278 infirmitatis
1006 1229 1054 1279 est
1074 1237 1113 1280 ea
1206 1291 1210 1295 j

109 1338 174 1380 nou
199 1337 298 1397 posse
318 1336 399 1399 quae
423 1315 494 1376 fieri
517 1329 688 1398 nequeunt.
733 1318 820 1380 Nihil
841 1317 939 1403 igitur
956 1319 1026 1400 plus
1048 1341 1110 1402 po·

109 1419 228 1484 tentiae
252 1441 311 1501 per
325 1418 556 1501 praedictiones
579 1418 648 1482 Diis
667 1422 842 1484 adstruunt.
887 1421 951 1485 Sed
968 1423 1040 1505 quia
1053 1425 1109 1486 has

108 1522 283 1605 anticipato
314 1533 461 1598 sumunt,
495 1522 569 1585 ideo
598 1534 629 1584 et
656 1535 798 1586 naturam
830 1543 936 1587 rernm
965 1526 1121 1604 introdu·.
1183 1535 1185 1540 '

108 1637 199 1702 cunt,
240 1647 322 1709 quae
349 1624 403 1687 isti
425 1625 573 1688 sumtioni
594 1627 781 1690 consentiat.
839 1627 958 1691 Dicunt
972 1609 1109 1692 'interim

107 1751 143 1792 ea
168 1751 253 1812 quae
276 1749 338 1790 nee
364 1728 589 1810 consequentia
616 1741 708 1804 sunt,
747 1751 805 1792 nec
838 1743 1045 1794 consentanea
1073 1732 1110 1796 iis

106 1852 187 1916 quae
212 1831 313 1906 fiunt,
351 1842 382 1892 et
406 1831 438 1894 in
455 1830 637 1918 ‚conspicuo
666 1844 738 1894 sunt
761 1834 877 1914 posita.
932 1837 1014 1897 Nam
1039 1835 1110 1897 sia

107 1935 234 2001 ratione
265 1955 327 2018 qua
348 1932 399 1996 isti
425 1945 684 2018 argumentantur
706 1935 918 2018 argumentari
940 1937 1030 2014 lieet,
1070 1937 1109 1999 li-

106 2038 190 2102 cebit
210 2037 275 2100 iam
302 2036 405 2100 omnia
430 2059 510 2120 quae
532 2036 602 2097 fieri
623 2058 689 2100 non
712 2027 852 2118 possunt
865 2041 1004 2119 probare
1026 2060 1106 2115 esse,

104 2141 178 2204 ideo
200 2143 290 2223 quod
311 2161 374 2203 non
403 2139 553 2202 credibile
585 2139 625 2202 sit
653 2161 690 2202 ea
721 2140 831 2203 aDiis
855 2140 1010 2226 ignorari.
1056 2143 1110 2205 Sic

105 2244 220 2325 aliquis
239 2265 301 2323 pro
324 2255 414 2306 certo
433 2253 559 2305 sumens
580 2244 732 2306 absonum
755 2265 822 2306 esse
840 2267 858 2306 a
876 2245 945 2308 Diis
966 2243 1110 2329 ignorari

105 2347 282 2421 infinitum,
316 2349 403 2428 quod
430 2345 462 2408 in
487 2367 521 2407 se
545 2347 659 2408 haheat
687 2347 766 2409 certi
787 2347 911 2431 generis
933 2369 1107 2424 mensuras,

105 2473 184 2514 mox
208 2462 344 2513 assumet
364 2449 439 2511 sciri
460 2469 554 2530 posse
576 2461 709 2530 quantae
731 2471 893 2530 mensurae
914 2451 954 2512 sit
974 2451 1007 2513 id
1022 2453 1109 2534 quod

106 2554 263 2618 infinitum
286 2565 354 2616 ests
376 2555 464 2636 quod
484 2553 510 2615 si
530 2553 594 2614 hoc
606 2553 681 2614 sciri
698 2565 822 2633 potest,
847 2565 935 2616 certo
954 2553 1109 2615 infinitum

103 2661 224 2720 habere
250 2656 412 2734 definitum
438 2678 654 2720 mensurarum
676 2657 782 2718 talium
805 2647 979 2718 numerum.
1025 2659 1108 2719 Nam
1152 2661 1154 2664 ’

103 2761 131 2824 si
151 2761 186 2824 id
205 2761 350 2837 nonsit,
374 2760 436 2823 iam
461 2759 792 2843 ignoraturosDeos,
817 2771 1002 2841 quantarum
1022 2780 1110 2822 men·

103 2879 251 2928 surarum
271 2865 314 2928 sit
330 2864 363 2928 id
381 2859 529 2946 quod'cst
545 2862 712 2924 infinitum.
745 2861 1006 2946 Quandoquidem
1028 2883 1118 2927 vero⁴

103 2988 280 3052 praenosse
303 2967 410 3032 futura
436 2979 485 3029 est
520 2987 557 3028 ea
581 2987 752 3048 praenosse
785 2965 888 3048 qualia
912 2978 983 3028 sunt
1006 2967 1110 3046 (aliud

105 3073 186 3136 enim
210 3082 261 3136 est
281 3091 472 3153 praenosse,
497 3069 581 3132 aliud
600 3070 736 3147 efficere)
754 3068 949 3132 manifestum
967 3070 1040 3133 hinc
1062 3080 1110 3130 est

105 3197 193 3253 eum,
220 3173 276 3258 qui
300 3173 469 3256 praenovit
489 3195 540 3236 res
563 3173 701 3256 ambigui
720 3185 849 3234 eventus
868 3193 919 3234 eas
937 3189 1109 3252 praenosse

103 3292 138 3342 ut
162 3280 256 3342 tales.
301 3279 378 3340 Non
404 3277 489 3341 enim
510 3277 543 3340 id
566 3277 605 3340 sit
623 3295 795 3358 praenosse
817 3276 850 3339 id
868 3277 954 3357 quod
972 3272 1110 3355 ambigui

104 3394 235 3446 eventus
256 3392 322 3456 est,
353 3379 456 3442 dicere
475 3380 654 3444 necessario
680 3381 832 3446 futurum.
876 3379 983 3458 Quare
1008 3387 1039 3438 et
1055 3375 1110 3438 Dii

104 3507 184 3570 quae
210 3483 353 3568 ambigui
379 3495 451 3548 sunt
482 3495 612 3547 eventus
637 3491 847 3565 praenoscent
879 3490 914 3540 nt
939 3477 1032 3554 talia,
1072 3497 1109 3541 ae

102 3589 237 3670 proinde
262 3609 330 3649 nou
356 3587 484 3652 omnino
509 3586 620 3650 inferri
645 3585 764 3666 poterit
790 3582 958 3646 necessitas
984 3587 1029 3667 ¹tu
1055 3582 1116 3644 tali·

101 3690 325 3774 praenotione.
371 3692 415 3754 Et
439 3711 513 3754 sane
534 3690 580 3754 sic
609 3689 749 3752 audimus
771 3707 826 3749 eos
856 3686 963 3748 fmura
988 3685 1109 3768 praesi-

101 3794 267 3878 gnificare.
284 3833 287 3840 ·
305 3793 388 3856 Natu
403 3794 457 3878 qui
476 3807 645 3876 postquam
672 3789 835 3852 consilium
861 3790 973 3851 dedere
995 3791 1034 3851 ad
1053 3791 1107 3850 de·

103 3898 228 3984 tigenda
251 3909 284 3958 et
313 3899 433 3980 agenda
460 3919 599 3980 eaquae
626 3915 720 3978 agere
747 3892 891 3976 expedit,
927 3892 1110 3976 praedicunt
