2694 4508
728 455 777 522 H.

305 559 451 648 Λέγεται
462 553 503 642 δὴ
517 553 603 652 πρὸς
616 550 772 628 ἁπάντων
785 551 991 649 ἀνθρώπων,
1012 557 1141 636 κοιναῖς
1154 577 1192 624 τε
1208 557 1271 624 καῖ
1328 541 1329 544 “

210 685 214 694 ’
242 669 403 758 φυσικαῖς
424 664 564 741 ἐννοίαις
585 655 807 786 ἐμμενόντων,
836 661 944 728 ταῦτα
958 654 1026 728 άπὸ
1041 652 1142 748 τύχης
1154 683 1193 728 τε
1209 664 1329 728 καί

241 769 304 836 τού
329 761 521 855 άυτομάτου
538 759 762 853 γίνεσθαιᾙ
748 792 772 833 α
786 759 912 843 άιτίαις
929 759 1040 832 σίλλων
1055 764 1152 832 τινῶν
1165 787 1270 846 ποιη·

241 874 351 990 τικριῖς
374 872 638 995 προηγουμέναις
659 870 725 950 ι)
709 868 895 955 επιγίνεται.
941 859 1048 936 Ὅταν
1066 862 1149 987 γάρ
1154 862 1269 934 άλλσυ

173 971 186 984 '
243 971 334 1053 τινὸς
347 969 447 1065 χάριν
463 975 623 1092 γινομένῳ
641 976 706 1039 τινὶ
718 967 765 1060 μὴ
782 965 882 1040 τούτο
894 964 1086 1064 ἀπαντήσῃ,
1107 964 1149 1037 όύ
1163 963 1270 1087 χάριν

220 1101 367 1164 ,εγενετο
374 1128 384 1159 ,
416 1073 500 1144 άλλο
521 1078 574 1160 δὲ,
597 1070 615 1143 6
641 1071 702 1159 τὴν
725 1071 829 1166 ἀρχὴν
851 1075 934 1163 μηδὲ
958 1067 1129 1156 ἠλπίζετο,
1161 1073 1269 1140 τοῦτο

243 1176 312 1248 άπὸ
341 1175 441 1268 τύχης
462 1129 591 1266 λέγετάι
616 1180 802 1266 γεγονέναι,
833 1172 915 1244 καθ’
940 1171 1024 1244 άυτὸ
1046 1181 1109 1264 μὲν
1128 1171 1268 1263 γεγονὸς

244 1279 416 1361 ἀναιτίως,
438 1276 525 1348 κατὰ
544 1277 750 1370 συμβεβηκὸς
764 1275 795 1348 δ
810 1275 1065 1374 έσχηκὸςᾶίτιον
1078 1275 1117 1346 τὸ
1131 1273 1267 1367 γενόμε-
1328 1279 1329 1286 ³

244 1409 302 1455 νον
320 1381 364 1452 ἐπ’
385 1381 490 1452 ἄλλου
505 1387 627 1471 γενέσει
637 1379 737 1463 τινός.
764 1384 835 1450 Καὶ
852 1374 906 1450 ὅτι
919 1377 1073 1452 τοιοῦτόν
1084 1407 1119 1450 τι
1130 1385 1266 1470 λέγουσι

175 1531 177 1538 ,
245 1483 364 1566 πάντες
378 1484 416 1553 τὸ
431 1482 603 1575 γινόμενον
619 1482 687 1554 άπὸ
697 1481 796 1575 τύχης
810 1483 859 1567 ²),
882 1486 982 1567 δῆλον
998 1485 1032 1568 ἐξ
1052 1473 1096 1552 ὧν
1113 1479 1265 1572 ὑποβάλ-

245 1594 344 1665 λουσι
361 1592 609 1678 σημαινομένων
629 1590 677 1671 ³),
708 1585 759 1669 ὁῖς
780 1586 846 1658 άπὸ
868 1584 966 1676 τύχης
987 1593 1074 1682 φασὶ
1093 1588 1265 1678 γίνεσθαι»

251 1689 428 1785 Θησαυρόν
446 1717 481 1760 τε
495 1687 560 1784 γάρ
577 1715 684 1786 φασιν
694 1688 761 1760 άπὸ
775 1687 873 1780 τύχης
888 1693 1056 1784 έυρηκέναι
1066 1687 1142 1759 τινὰ
1153 1682 1203 1775 4),
1225 1685 1265 1757 ίίν

245 1792 351 1864 άλλου
358 1791 459 1888 χάριν
471 1791 622 1887 ὀρύσσων
639 1797 689 1875 τίς
703 1803 792 1876 ’τινος
803 1796 850 1878 5),
873 1791 942 1863 ἀλλ’
956 1791 995 1862 ού
1006 1796 1066 1862 τού
1083 1789 1263 1886 θησαυρόν

245 1901 368 1992 έυρεῖν,
403 1902 572 1993 θησαυρῷ
589 1903 755 1996 περιπέσῃ.
805 1895 843 1967 Ὁ
862 1905 923 1986 μὲν
942 1895 1006 1987 γάρ
1028 1893 1148 1966 τούτου
1165 1892 1263 1987 χάριν

247 1998 415 2094 ὀρύσσων,
437 1999 497 2070 οὐκ
519 2000 585 2070 άπὸ
608 1999 726 2090 τύχης·
749 1998 790 2069 ὀύ
806 1998 872 2092 γάρ
884 1996 984 2092 χάριν
998 1997 1141 2094 ὤρυσσε,
1163 2003 1261 2070 τοῦτο
1328 2069 1329 2072 ,

247 2099 433 2188 άπὴντησεν
448 2101 558 2195 άυτῷ·
581 2094 607 2196 ᾧ
615 2107 649 2170 δέ
660 2107 762 2193 μηδὲν
772 2105 830 2186 τῆς
841 2106 993 2195 ίυρέσεως
1006 2105 1068 2172 τοῦ
1081 2109 1262 2198 θησαυροῦ
1328 2141 1329 2164 τ

247 2205 355 2296 έμελε,
377 2208 530 2274 ποιοῦντι
547 2209 582 2273 δὲ
605 2203 709 2275 ἄλλον
726 2204 816 2286 τινὸς
837 2201 957 2297 χάριν,
977 2201 998 2289 ἡ
1019 2202 1144 2299 ίύρεοις
1160 2204 1262 2292 ἀπην-

247 2332 354 2394 τησεν,
377 2304 420 2388 ὡς
430 2312 524 2389 τέλος
539 2309 670 2391 ἐκείνου,
692 2312 810 2379 τούτου
825 2306 892 2377 άπὸ
902 2305 1001 2397 τύχης
1012 2306 1070 2378 τὸν
1083 2309 1262 2402 θησαυρόν
1327 2359 1328 2368 1

248 2414 419 2506 εὐρηκέναι
435 2407 555 2492 πάντες
562 2415 729 2500 λέγουσιν.
766 2409 873 2480 Ἀλλά
886 2418 944 2482 καὶ
960 2410 999 2480 τό
1014 2409 1175 2506 άργύροσν
1196 2411 1261 2484 άπὸ

249 2511 348 2605 τύχης
372 2516 576 2605 κεκομίσθαι
597 2513 674 2584 τινά
701 2519 868 2602 λέγουσιν,
893 2509 974 2584 ὅταν
991 2519 1037 2595 εἰς
1056 2512 1116 2599 τὴν
1137 2514 1261 2611 άγορὰν

248 2616 427 2708 προελθὼν
448 2615 552 2686 ἄλλου
571 2615 659 2697 τινὸς
670 2613 771 2709 χάριν
785 2615 943 2711 ἀργύριον
961 2620 1068 2709 ἔχοντα
1084 2619 1262 2714 περιπεσὼν

249 2722 296 2812 τῷ
307 2722 472 2816 χρεωστῇ,
492 2719 532 2788 τὸ
551 2715 767 2815 ὀφειλόμενον
781 2716 870 2815 άυτῷ
886 2719 987 2816 λάβῃ·
1011 2724 1058 2816 τῷ
1069 2720 1134 2817 γάρ
1148 2730 1262 2818 προελ-

248 2828 328 2892 θεῖν
343 2826 390 2902 έις
404 2821 463 2906 την
477 2820 605 2918 ἀγοράν
622 2821 706 2894 ἄλλο
723 2848 757 2894 τι
777 2822 1022 2917 προηγούμενον
1042 2831 1135 2907 τέλος
1149 2828 1261 2918 ἔχοντι,

250 2921 290 2993 τὸ
304 2922 587 3018 προοφειλόμενον
607 2932 721 3015 λαβεῖν
742 2922 772 3010 6)
794 2925 992 3012 ἀπήντησεν,
1016 2925 1060 3009 ὡς
1073 2935 1167 3012 τέλος
1180 2928 1263 3001 κατά

250 3025 461 3117 συμβεβηκὸς
482 3025 573 3123 άυτῷ
589 3027 777 3154 γινόμενον,
809 3029 848 3099 τὸ
867 3039 933 3154 μὲν
951 3031 1124 3155 ποιητικὸν
1144 3031 1262 3117 άίτιον,

249 3157 289 3212 το
275 3129 339 3200 δὲ
354 3126 476 3200 τούτου
491 3135 586 3212 τέλος
605 3132 652 3216 7)·
674 3131 713 3202 ού
731 3131 796 3228 γάρ
813 3131 880 3203 άπὸ
895 3131 993 3226 τύχης
1007 3136 1056 3205 ἔτι
1073 3139 1201 3225 λέγεταί
1215 3164 1263 3218 τις

190 3250 192 3256 ’
250 3233 290 3304 τὸ
307 3231 524 3331 ὀφειλόμενον
543 3237 767 3356 ειληφέναι,’
751 3263 779 3306 ει
796 3233 917 3307 τούτου
934 3235 1034 3331 χάριν
1051 3238 1149 3320 ἒις
1114 3264 1174 3325 την
1187 3238 1262 3329 άγο·
1325 3225 1326 3262 ³

252 3335 315 3464 ράν
329 3334 549 3431 πρυῆλθεν,’
539 3330 591 3407 ότι
589 3337 884 3462 τὸπροκείμενον
878 3337 968 3410 άυτω
953 3340 1109 3428 τέλοςὴ
1124 3340 1263 3437 πρόοδος

252 3443 343 3531 έσχεν
357 3445 397 3524 8).
438 3437 554 3511 Καὶ
537 3468 555 3509 ο
577 3437 677 3523 ίππος
698 3440 775 3511 δὲ’
755 3439 950 3570 αυτομάτμς
974 3453 1041 3514 τισὶ
1065 3450 1201 3570 λέγεται
1213 3471 1263 3518 σε

252 3546 411 3627 σῶσθαι,
434 3538 516 3616 ὅταν
529 3548 659 3641 τροφῆς
671 3554 732 3635 μὲν
750 3545 913 3672 ἐλπίδι,”
892 3576 916 3632 η
935 3547 1038 3618 ἄλλου
1054 3548 1143 3631 τινὸς
1158 3546 1263 3675 χάριν,
1324 3585 1325 3618 1

252 3641 412 3744 άπαφύγη
437 3647 515 3729 τούς
540 3655 737 3741 κατέχοντας
757 3648 876 3736 άυτὸν,
908 3649 1081 3750 ἀπαντήσῃ
1106 3650 1184 3724 δὲ’
1164 3655 1263 3724 αντού

252 3754 291 3849 τῇ
307 3754 400 3847 φυγῇ
415 3757 471 3820 καὶ
484 3779 529 3844 τῳ
514 3750 704 3847 Ηδρόμῳ
671 3780 710 3822 το
721 3759 791 3838 τοῖς
804 3751 980 3852 δεσπόταις
991 3762 1182 3846 περιπεσεῖν.
1195 3760 1260 3826 Καί

255 3826 285 3924 τί
315 3859 367 3924 δεῖ
390 3861 419 3937 9)
452 3853 528 3944 ύμῖν
562 3860 658 3926 πλείω
687 3860 940 3949 παραδείγματα
964 3861 1217 3930 κατατίθεσθαι
1241 3858 1261 3942 ί)
