2718 4506
261 312 322 376 330

348 480 378 542 in
407 475 554 544 versione
583 479 751 562 expressit.
796 479 838 546 Et
861 479 989 545 omnino
1014 480 1091 543 tales
1115 475 1275 546 numero·

288 633 292 653 ,
347 606 416 646 rum
450 595 481 645 et
510 605 635 648 casuum
667 583 825 667 enallegae
846 586 932 651 haud
951 583 1165 666 infrequentes
1186 585 1272 668 apud

246 709 251 728 ¹
344 664 485 768 ¹optimos
507 687 694 769 scriptores.
739 685 811 766 (0.)
1139 772 1145 779 ἢ

265 792 318 870 34)
346 789 430 870 ἔξει
452 785 739 856 venundentur
761 787 1008 876 συμπίπτει]
1031 790 1271 854 Huvu.etAl-

347 894 436 956 dinae
455 894 573 956 habent
595 893 962 979 συμπίπτουσαν,·υυ(1ο
984 891 1139 982 Blochius
1160 877 1276 979 legen-¹

348 999 420 1060 dum
443 1007 547 1067 censet
569 991 679 1061 οάτὶαν
699 1016 764 1077 pro
784 990 905 1061 ἆιτίων.
949 995 1023 1076 (Ο.)

264 1100 318 1180 35)
348 1094 413 1180 Μὴ
441 1105 509 1164 καὶ
537 1093 640 1188 ὑπὲρ
662 1097 940 1188 Moeranum]
986 1099 1099 1180 Verba
1133 1099 1268 1164 Homeri

348 1203 390 1266 Il.
413 1204 495 1266 XX.
524 1201 598 1266 335.
642 1202 717 1281 (0.)
1000 1219 1002 1226 ·

264 1308 319 1386 36)
348 1300 425 1372 ὑπὸ
446 1301 537 1381 τοὺς
558 1298 1175 1390 μάντεις]Νιιυιὺπὸτῶνμαντεόννῖ
1196 1307 1266 1385 (0.)

264 1411 318 1487 37)
350 1412 412 1489 [ἐν
433 1407 486 1498 τῷ
513 1402 654 1496 πρώτῳ
682 1409 759 1473 τῶν
787 1411 1265 1500 μετεωρολογουμέναν]

238 1583 242 1602 .
348 1511 442 1573 Libr.
466 1511 495 1572 I.
521 1508 605 1592 Cap.
629 1512 728 1588 XIV.
772 1506 845 1591 (O.)

265 1615 319 1695 27)
346 1617 477 1703 μέγας
509 1609 685 1701 χειμὼν]
730 1613 783 1677 Sic
805 1615 923 1696 optime
946 1612 1030 1679 cod.
1056 1615 1166 1678 Havn.
1191 1615 1264 1679 Ald.

169 1773 172 1782 ,
277 1779 280 1792 ,
346 1722 445 1809 μέρος
456 1713 585 1804 χειμὼν.
607 1719 786 1782 Mendose.
801 1718 963 1802 Loquitur
984 1718 1055 1780 scil.
1072 1719 1264 1783 Aristoteles

346 1824 421 1887 loco
444 1821 539 1884 citato
562 1823 601 1882 de
622 1844 705 1884 anno
738 1843 877 1906 magne,
915 1824 954 1884 de
987 1843 1051 1904 quo
1085 1821 1264 1884 adscribere

347 1925 439 1988 liceat
469 1925 575 1987 locum
613 1924 775 1988 classicum
814 1924 982 1989 Censorini
1013 1925 1054 1986 de
1084 1925 1133 1988 (lie
1164 1926 1266 1988 Natali

348 2027 432 2110 Cap.
455 2023 589 2092 XVIII.
633 2030 691 2092 Est
714 2039 889 2108 praeterea
910 2048 1038 2104 annus,
1075 2050 1176 2111 quem
1195 2025 1267 2091 Ari-

342 2131 475 2194 stoteles
490 2132 680 2190 maximum
693 2131 830 2209 potius,
852 2147 957 2209 quum
967 2126 1134 2208 magnum
1150 2129 1266 2209 appel-

317 2229 413 2306 ·lut,
448 2249 547 2309 quem
578 2229 682 2305 solis,
717 2229 820 2290 lunae
852 2247 1089 2309 nugarumque
1118 2229 1265 2310 quinque

344 2328 522 2390 stellarum
544 2327 637 2390 orbes
659 2329 823 2407 efficiunt,
843 2345 923 2387 eum
944 2326 992 2387 ud
1012 2325 1098 2388 idem
1120 2330 1263 2405 siguum,

344 2426 404 2488 ubi
424 2426 596 2510 quondum
623 2429 726 2488 simul
745 2424 914 2503 fuerunt,
950 2445 1018 2486 unu
1047 2425 1262 2503 referuntur,

275 2599 278 2604 ,
345 2529 444 2590 cuius
458 2530 542 2588 unni
553 2528 655 2590 hiems
669 2546 802 2588 summu
822 2535 871 2588 est
891 2520 1146 2607 κατακλυσμὸς,
1168 2547 1264 2610 quem

343 2629 451 2690 nostri
471 2626 636 2687 diluvium
661 2635 800 2687 vocant:
835 2636 947 2688 aestus
976 2635 1092 2692 nutem
1123 2621 1263 2712 ἐκπύρω-

277 2803 280 2808 Ᾰ
346 2749 413 2804 σις,
440 2725 545 2818 ιουοιί
563 2735 611 2788 est
630 2724 751 2788 mundi
769 2724 970 2790 incendium.
1004 2726 1060 2790 ubi
1088 2727 1163 2790 vide
1187 2729 1264 2792 Liu-

349 2830 506 2912 denbrog.
529 2849 563 2909 p.
588 2827 640 2890 97.
668 2829 719 2887 ed.
750 2826 965 2908 Havcrcarnp.
990 2828 1089 2894 Cous.
1113 2832 1262 2896 Macrob.

350 2934 401 2992 ad.
425 2931 535 2993 Somn.
560 2928 646 3010 Scip.
670 2929 764 2990 Libr.
788 2929 834 2992 II.
863 2928 946 3011 Cap.
970 2933 1018 2996 II.
1063 2933 1137 3012 (Ο.)

267 3037 321 3118 38)
351 3037 389 3101 ἐν
411 3033 462 3124 τῷ
483 3033 799 3111 Καλλισθένει]
843 3031 941 3118 Apud
961 3023 1138 3120 Diogenem
1162 3039 1263 3102 Lacr·

349 3138 425 3199 tium
440 3135 486 3197 V.
511 3140 540 3212 §.
559 3135 611 3196 II.
634 3147 826 3197 memoratur
848 3135 929 3198 inter
950 3137 1060 3208 libros,
1074 3141 1261 3223 Theophra·

247 3289 252 3299 .
351 3239 390 3301 sti
410 3239 667 3318 Καλλισθένης,
689 3233 710 3316 ἢ
732 3242 803 3324 περὶ
823 3240 971 3317 πένθους
992 3235 1024 3306 ά.
1067 3241 1141 3320 (Ο.)

267 3345 321 3424 39)
350 3347 420 3408 καὶ
450 3333 715 3420 Πολύζηλος]
760 3339 848 3402 Inter
883 3342 1133 3424 PeripateticOS,
1181 3351 1262 3429 quud

351 3443 463 3519 seium,
487 3442 577 3505 huius
598 3441 731 3530 nominis¹
754 3464 846 3512 nemo
868 3457 1072 3518 memoratur.
1118 3446 1185 3510 Sed
1196 3450 1259 3512 Po·

351 3547 444 3628 lyzcli
477 3544 589 3626 Cynici
618 3545 753 3608 Photius
784 3545 869 3612 Cod.
901 3546 1085 3616 CLXVII.¹
1111 3562 1142 3612 et
1163 3572 1202 3612 ex
1223 3574 1259 3614 eo

351 3649 513 3714 Fabricius
549 3649 579 3710 iu
617 3646 776 3734 Catalogo
810 3647 1004 3728 Cynicorum
1035 3651 1120 3716 Bibl.
1145 3658 1256 3719 Graec.

351 3753 445 3818 Libr.
469 3749 600 3850 11130.
623 3753 723 3816 XIII.
748 3753 790 3814 Τ.
815 3752 863 3817 11.
885 3776 919 3836 p.
944 3755 1018 3819 366.
1041 3756 1256 3822 meminerunt.

627 3923 908 3952 '‘U-*h—
