2754 4510
1040 315 1101 382 262

119 483 154 562 9)
183 471 283 560 dicre
315 477 410 560 καὶ]
453 479 503 546 ite
530 479 641 546 Ham.
670 479 766 546 Mon.
805 479 912 550 Caeel.
942 475 1028 554 ὅθεν
1048 491 1104 554 καὶ

186 585 321 650 Aldinae
342 597 375 650 et
395 586 505 649 Lond.

102 691 155 770 11))
186 683 262 756 οὐκ
284 683 351 754 ἀεὶ
370 687 560 775 γίνεται]
596 681 657 755 οὐκ
684 687 787 754 addidi
815 703 946 758 auctore
978 694 1105 759 Schult-

183 791 291 858 hessio
313 803 414 857 totum
435 791 541 855 locum
563 791 609 856 sic
630 805 791 857 vertente:
841 796 888 860 Ob
915 797 1003 861 wohl
1026 798 1104 860 αλσο

189 895 244 960 die
263 895 380 960 Ναλσν
405 905 504 960 anter
528 893 680 960 Geretzen
709 896 814 978 steht,
854 895 908 960 die
935 895 1005 959 αλλε
1033 897 1106 962 ihre

185 993 445 1078 Begebenheiten
473 1014 516 1056 zu
543 992 736 1058 beetimmen
768 994 941 1070 seheinen,
974 1014 1013 1057 so
1046 1014 1107 1076 ge-

188 1095 332 1158 rchehen
348 1094 438 1158 doeh
455 1093 551 1156 nicht
565 1093 637 1158 alle
660 1093 731 1157 und
741 1094 821 1173 Jede
843 1090 1105 1175 Begebeuhez'ten

188 1191 248 1257 der
266 1193 382 1257 Natur
402 1192 548 1256 allemal
567 1192 658 1255 πασλ
679 1191 791 1257 diesen
812 1193 976 1258 Geretzen.
1019 1192 1094 1273 (0.)

99 1294 155 1373 11)
185 1297 256 1359 καὶ
277 1294 350 1359 τοῦ
376 1287 490 1382 παρὰ
519 1285 673 1385 φύσιν]
716 1291 770 1355 Sic
792 1293 869 1356 Ald.
893 1293 926 1358 2.
945 1305 977 1357 et
994 1294 1106 1360 Lond-

188 1395 368 1460 Articulum
394 1395 542 1460 omittunt
562 1395 642 1460 Ale.
664 1394 697 1458 2.
721 1407 753 1460 et
775 1394 882 1461 Casel.

100 1499 183 1581 ssa)
204 1489 334 1586 ὥςπερ
356 1503 425 1565 καὶ
447 1500 487 1565 ἐν
508 1502 599 1578 τοῖς
619 1494 728 1564 κατὰ
748 1495 814 1580 τὴν
834 1498 1005 1587 τέχνην]
1034 1501 1105 1564 An-

184 1619 250 1668 non
271 1601 479 1686 supplendum
508 1592 611 1692 ὥςπερ
638 1605 695 1668 καὶ
719 1601 753 1668 ἐν
780 1605 851 1678 τοῖς
879 1598 965 1669 κατὰ
991 1606 1106 1691 τέχνην

185 1705 246 1774 τοῦ
266 1701 358 1796 παραὶ
379 1703 513 1794 cipp?
555 1704 630 1788 (Ο.)

100 1811 156 1894 12)
186 1809 223 1876 ἐι
251 1803 390 1900 χώραν
420 1806 527 1898 ἔχει]
577 1808 656 1872 Ald.
678 1807 711 1870 2.
734 1807 763 1872 ἐι
784 1799 896 1897 χώραν
920 1805 998 1896 ἔχοι.
1041 1807 1106 1874 Sed

188 1932 322 1996 sequens
343 1911 430 1979 ἐστὶν
451 1925 484 1976 et
504 1909 558 1976 hie
578 1909 787 1977 Indicativum
806 1909 944 1995 flagitat.
988 1910 1062 1992 (0.)

99 2035 155 2116 13)
183 2037 254 2100 καὶ
275 2027 349 2114 τὴν
368 2027 701 2124 καταστροφὴν]
732 2031 895 2097 ItaMon.
920 2044 952 2096 et
972 2033 1050 2097 ΑΜ.
1069 2033 1105 2098 2.

186 2149 219 2201 et
240 2134 349 2201 Casei.
372 2135 574 2220 sequentibus
596 2136 715 2221 Bagol.
738 2147 770 2199 et
791 2136 837 2199 H.
860 2134 991 2201 Grotio.
1025 2138 1105 2203 ΑΜ.

186 2243 219 2307 1.
243 2252 274 2305 et
291 2241 401 2306 Lond.
423 2243 478 2307 καὶ
499 2241 534 2305 αὶ
555 2240 806 2329 καταστροφαὶ,
828 2259 922 2322 quam
936 2237 1106 2306 lectionem

185 2343 219 2409 in
240 2343 388 2408 versione
409 2363 466 2408 sua
487 2341 635 2427 exprimit
656 2338 852 2405 Schulthess.
914 2343 1009 2408 Denn
1040 2364 1106 2406 von

190 2445 297 2511 dieser
314 2447 410 2510 nmrt
430 2447 465 2510 ιἰι
478 2447 549 2509 ¹den
567 2448 703 2510 meister
716 2443 840 2508 Feillen
853 2442 906 2509 die
927 2441 1106 2508 breondere

189 2544 339 2624 Arther,
354 2548 413 2610 wie
425 2549 513 2610 eines
516 2544 621 2625 jeder
629 2543 812 2609 Mensehen
820 2541 929 2610 Lmen
938 2539 1103 2622 hirfiieeet

190 2643 263 2709 und
280 2647 335 2710 ein
353 2643 446 2710 Eride
463 2647 594 2710 trimme.
637 2642 710 2724 (0.)

105 2745 159 2824 ss)
184 2735 365 2834 Ὁρῶμεν
382 2743 508 2832 γοῦν]
540 2744 618 2811 Ald.
641 2745 674 2809 2.
692 2739 835 2836 Ὁρῶμεν
855 2739 924 2812 ὀῦν.

105 2847 160 2926 15)
181 2850 253 2912 καὶ
272 2845 492 2938 φθοραῖς]
526 2847 605 2912 Ale.
628 2847 661 2912 2.
683 2853 739 2914 καὶ
759 2849 793 2916 ἐν
814 2849 980 2939 φθοραῖς.
1076 2857 1078 2870 “

104 2947 159 3029 16)
190 2943 417 3031 συστάσει]
453 2950 550 3014 Mon.
571 2943 783 3019 καταπόσει.

104 3051 160 3132 17)
182 3043 229 3118 οὐ
249 3046 330 3140 μὴν
350 3051 391 3136 ἐξ
411 3047 617 3138 ἀνάγκης]
652 3051 782 3118 Plenius
803 3051 900 3118 Mon.
922 3047 961 3120 οὐ
981 3047 1048 3138 μὴν
1068 3047 1106 3120 ὃ·

188 3154 290 3241 μοι’ως
310 3157 363 3222 ἐπὶ
382 3149 528 3237 πάντων,
550 3151 617 3224 οὐδ
641 3155 674 3238 ἐξ
693 3150 838 3243 ἀνάγκης
859 3156 946 3240 quod
959 3153 1015 3218 vix
1029 3153 1106 3220 mihi

189 3267 366 3342 temperare
386 3258 478 3342 potui
499 3256 574 3344 quin
593 3258 626 3324 in
646 3269 769 3324 textum
787 3257 975 3341 reciperem.
1010 3255 1086 3338 (Ο.)

104 3361 160 3444 18)
182 3365 252 3426 καὶ
273 3355 405 3453 ἀέρων
424 3356 693 3448 ὑπαλλαγαὶ]
727 3361 817 3428 Idem
831 3360 928 3424 Mon.
949 3361 1006 3426 καὶ
1024 3359 1107 3446 βίων

190 3455 389 3549 ὑπαλλαγαὶ.
431 3463 534 3530 Male.
578 3463 652 3546 (0.)
1130 3546 1134 3556 .

105 3565 162 3650 19)
189 3571 259 3634 καὶ
280 3569 526 3654 συμβουλαὶ
546 3563 679 3649 θεῶν]
722 3563 776 3630 sic
805 3584 868 3650 pro
890 3565 1106 3653 συμβουλίαι,

192 3671 280 3754 quod
294 3689 335 3734 ex
349 3669 490 3736 Eusebio
505 3670 600 3734 hebet
613 3666 708 3734 editio
722 3669 831 3738 Lond.
847 3665 931 3732 edidi
939 3690 980 3732 ex
994 3669 1104 3735 Have.

192 3771 335 3851 Aldinie,
359 3785 391 3838 et
412 3769 552 3839 Gaselio.
572 3769 723 3840 Ceterum
744 3782 856 3837 ructor
876 3769 1034 3856 respicere
1056 3771 1105 3838 vi·

191 3873 284 3942 detur
314 3876 355 3942 ad
386 3874 515 3944 oracula
550 3873 603 3942 vel
634 3872 727 3942 etiem
760 3875 802 3943 ad
831 3871 1046 3944 inematione·
1072 3875 1106 3944 in
