2754 4510
1084 323 1147 427 ili

144 513 177 570 et
196 513 262 570 tam
282 499 382 567 dissiti
402 516 531 584 sumus,
565 519 629 567 mro
656 499 849 584 appellamus
876 499 1015 566 nomine.
1073 499 1144 564 Nec

145 605 202 693 qrri
224 607 258 670 in
282 603 415 670 Parthia
446 617 518 668 sunt
540 602 710 670 Christiani
734 603 841 686 plures
870 605 987 667 ducunt
1007 623 1139 680 uxores,

145 709 290 796 mamvis
309 706 422 772 Parthi
443 709 505 772 sint
530 720 562 774 et
581 707 660 790 ipsi:
682 728 741 771 nee
762 707 817 792 qui
835 707 868 770 in
890 709 998 772 Media
1012 707 1143 783 ¹vivrmt,

146 814 276 878 canibus
299 811 452 875 obiiciunt
480 823 646 886 mortuos;
682 833 741 875 nec
765 811 872 894 quiin
901 810 1033 875 Perside
1059 823 1144 888 sunt,
1252 837 1258 860 ·

146 917 225 982 filias
254 919 371 978 ducunt
398 935 536 990 uxores,
576 937 646 977 curn
675 925 707 976 et
736 913 798 996 ipsi
821 913 883 976 sint
906 915 1043 978 Persae:
1080 935 1145 978 uon

147 1022 232 1103 apud
253 1018 440 1083 Bactrianos
462 1028 493 1080 ct
516 1017 626 1079 Gallos
648 1016 747 1080 aliena
764 1016 960 1080 matrimonia
980 1027 1144 1093 temerant,

147 1145 213 1188 noa
236 1121 269 1186 in
294 1121 453 1206 Aegypto*
471 1120 579 1183 colunt
606 1117 721 1201 Apim,
763 1130 816 1182 aut
840 1141 966 1198 canem,
1007 1131 1059 1182 aut
1080 1119 1148 1182 hir-

148 1247 240 1302 cum,
269 1235 323 1288 aut
345 1224 459 1300 selem,
496 1225 553 1286 sed
577 1221 680 1285 ubivis
706 1233 779 1285 sunt
802 1223 982 1302 locorum,¹
1000 1244 1065 1285 uon
1090 1245 1148 1304 pa-

147 1331 270 1394 tiuntur
293 1349 311 1390 a
332 1327 413 1390 male
434 1325 546 1408 positis
564 1325 688 1410 legibus
711 1337 764 1390 aret
783 1324 930 1390 institutis
951 1348 985 1390 se
1006 1326 1153 1391 devinci:

149 1434 228 1497 Non
253 1452 307 1496 eos
330 1451 347 1492 a
368 1428 563 1512 principibus
582 1428 678 1491 stellis
701 1431 876 1514 gubernata
896 1429 1041 1492 nativitas
1058 1452 1146 1494 eom-

148 1534 238 1620 pellit
266 1533 433 1618 quicquam
459 1553 569 1594 eorum
589 1532 717 1606 iacere,
755 1553 835 1616 qnae
862 1525 1012 1616 magister
1038 1553 1148 1597 eorum

149 1638 262 1704 vettrit.
305 1635 437 1701 Interim
458 1633 578 1698 morbis
601 1656 637 1696 ae
661 1635 837 1717 paupertati
867 1647 898 1698 et
922 1635 1079 1712 adversis,
1117 1649 1149 1702 et

149 1741 179 1808 ci
200 1761 281 1826 quae
308 1737 353 1802 sic
383 1737 515 1814 dicitur,
552 1735 696 1801 infamiae
723 1737 897 1802 subiacent.
921 1795 927 1818 ,
951 1737 1040 1802 Sicut
1067 1739 1148 1803 enim

149 1845 177 1911 is
203 1845 285 1908 intra
307 1863 365 1906 nos
385 1841 503 1917 homo,
538 1839 592 1926 qui
611 1839 692 1903 liber
714 1852 779 1917 est,
811 1844 851 1904 ad
870 1841 1053 1905 servitutem
1083 1864 1148 1908 non
1262 1919 1268 1926 ι

151 1947 299 2034 cogitur3
328 1957 359 2009 et
380 1945 407 2008 si
428 1944 497 2028 quis
523 1964 643 2030 eogere
667 1943 744 2007 velit
765 1943 794 2008 ei
812 1944 952 2022 obsistit,
983 1944 1026 2008 ita
1046 1946 1073 2008 is
1096 1941 1152 2030 qni

151 2049 348 2133 conspicitur
371 2049 470 2112 homo
495 2069 627 2123 servus,
664 2068 729 2111 non
754 2047 847 2112 facile
874 2049 1016 2134 effugere
1044 2061 1153 2132 potest

152 2153 345 2221 necessitatis
374 2151 545 2214 uncinum.
589 2151 672 2213 Nam
700 2149 727 2214 si
755 2151 859 2216 omnia
882 2175 941 2216 nos
966 2174 1147 2235 possemus,

152 2282 213 2325 nos
241 2277 378 2321 essemus
409 2256 473 2317 hoc
505 2254 714 2328 Universum
761 2268 874 2319 contra
904 2278 982 2322 vero
1019 2257 1046 2320 si
1075 2259 1152 2324 nihil

153 2383 336 2448 possemus,
361 2358 494 2423 aliorum
520 2378 676 2434 essemus,
700 2368 734 2420 ut
759 2369 830 2422 ante
852 2357 938 2436 dixi,
962 2359 1152 2426 instrumen-

153 2479 203 2543 ta,
242 2486 305 2526 non
334 2459 437 2527 nostri
464 2461 620 2543 ipsorum.
677 2459 723 2524 At
748 2459 821 2527 Deo
848 2463 975 2525 favente
1004 2465 1080 2528 nihil
1107 2479 1154 2529 est

154 2571 244 2656 quod
265 2567 336 2630 lieri
363 2576 516 2648 nequeat,
551 2585 644 2628 nemo
670 2575 717 2626 est
745 2564 799 2648 qui
829 2564 1000 2646 prohibere
1031 2569 1150 2650 possit,

156 2695 237 2758 qrsse
263 2671 291 2734 ei
317 2671 454 2752 placent.
498 2667 584 2730 Nihil
610 2667 691 2730 enim
720 2678 767 2730 est
795 2669 882 2752 quot
909 2667 974 2731 eius
999 2673 1154 2741 voluntati
1184 2665 1187 2672 ’

155 2777 258 2862 possit
290 2776 432 2838 obstas-c.
476 2773 559 2833 Nam
591 2783 622 2832 et
651 2791 730 2854 quae
754 2791 932 2854 repugnare
961 2770 989 2835 ci
1010 2773 1156 2844 videntur

157 2901 198 2944 eo
222 2887 422 2963 repugnant,
461 2877 549 2958 quod
577 2872 665 2937 Deus
697 2895 767 2936 cum
803 2873 844 2936 sit
873 2875 977 2939 bouus
1004 2881 1157 2962 permittit

157 2983 272 3066 cuique
296 2991 426 3043 naturae
451 2999 522 3041 suas
543 2976 776 3061 proprietates,
811 2989 843 3040 et
865 2979 1019 3046 voluntati
1042 2983 1151 3048 huma·

158 3107 217 3150 uae
238 3105 327 3148 suam
347 3083 536 3146 libertatern.

221 3187 312 3253 llaec
335 3185 435 3268 Syrus
456 3184 522 3248 ille.
