2694 4508
111 541 413 644 discrepantibus
433 539 623 618 Eusebius
647 538 808 615 inseruit
834 540 1115 641 Praeparationi

111 688 204 742 suae
219 658 491 759 Evangelicae,
517 683 589 733 neo
615 675 696 732 non
720 654 897 734 versione
917 661 1034 735 latina
1052 689 1115 736 an-

62 758 67 778 i
113 780 323 882 tiquissima
368 777 597 877 Hieronymi
638 775 815 874 Bagolini
861 781 1114 874 Veronensis,

110 925 212 1002 quae
235 900 328 994 lieet
350 898 465 974 nimis
490 896 601 972 anxie
621 880 784 973 verbum
816 900 864 972 de
888 903 1009 978 verbo
1036 904 1117 976 red·
1195 943 1199 956 ·

62 1044 65 1049 ·
111 1021 198 1116 dat,
242 1033 281 1096 et
305 1020 348 1094 in
371 1016 468 1092 locis
492 1017 597 1091 haud
626 1016 757 1116 paucis
782 1016 1014 1117 ineptissima
1047 1023 1114 1115 sit,

111 1152 357 1218 tamencum
392 1162 413 1214 e
436 1136 582 1212 Codice
618 1137 784 1234 quodam
812 1137 978 1237 optimae
1004 1155 1118 1217 notae

112 1272 152 1338 et
185 1286 277 1336 oum
312 1256 575 1356 Manusoripto
603 1255 815 1331 Hauniensi
849 1257 889 1331 in
928 1260 1119 1359 plerisque

113 1379 376 1456 consentiente
399 1377 498 1452 sacta
523 1387 639 1468 esset,
668 1401 746 1448 non
778 1402 912 1475 parurn
941 1378 1039 1456 iuvit
1059 1384 1118 1472 ,ad

113 1510 261 1574 textum
275 1497 578 1586 emendandum,
605 1519 789 1593 verasque
803 1508 841 1570 et
851 1497 1035 1592 genuinas
1061 1504 1118 1594 (a)

112 1619 298 1694 lectiones
332 1601 548 1692 eliciendas.
597 1613 773 1689 Adhibui
799 1618 952 1691 tandem
973 1633 1122 1717 praeter

111 1738 308 1838 versiones
347 1736 482 1810 latinas
516 1732 694 1842 Hugonis
725 1717 850 1808 Grotii
893 1749 931 1811 et
963 1737 1120 1814 editoris

112 1855 374 1934 Londinensis
408 1856 521 1930 etiam
567 1853 833 1929 Germanicam
869 1863 942 1932 τοῦ
978 1865 1047 1935 νῦν
1080 1867 1122 1937 ἐν

114 1981 236 2074 ἁγίοις
263 1975 418 2073 Georgii
444 1972 693 2050 Schulthessii
718 1975 920 2067 nostratis,
963 1982 1121 2077 pastoris

113 2097 312 2196 quondam
331 2090 715 2174 Moenobaltorfensis
737 2093 779 2166 in
792 2121 889 2194 pago
906 2095 1119 2196 Turioensi,

113 2217 260 2291 bonam
303 2213 497 2314 fidamque
530 2214 610 2307 (3),
655 2227 693 2287 et
720 2218 912 2314 exemplar
946 2218 1124 2293 editionis

115 2335 375 2412 Londinensis
400 2359 479 2432 quo
505 2359 595 2406 usus
625 2345 704 2406 erat
734 2333 796 2406 vir
821 2335 1059 2410 doctissimus
1083 2340 1122 2415 in

114 2454 304 2531 vertendo
312 2453 543 2544 Alexandro,
569 2476 659 2524 cum
668 2451 839 2526 eiusdem
853 2458 1126 2532 emendationi-

117 2576 191 2648 bus
218 2571 352 2672 paucis
381 2571 560 2671 quidem,
599 2572 666 2644 sed
690 2571 848 2668 egregiis
874 2575 1036 2674 margini
1066 2579 1128 2650 ad·

119 2693 283 2792 scriptis,
311 2691 598 2766 commodatum
623 2689 720 2763 mihi
753 2716 774 2762 a
807 2695 1026 2766 venerando
1046 2694 1127 2772 filio
1242 2769 1244 2774 .

100 2985 103 2992 ’
192 2967 242 3046 (2)
285 2963 386 3028 Liber
417 2961 594 3025 rarissimus
626 2962 672 3025 sio
703 2963 902 3030 inscribitur:
949 2967 1123 3034 Alexandri

122 3067 386 3152 Aphrodisiensis
408 3065 614 3148 Peripatetici
637 3066 808 3130 doctissimi
830 3069 1037 3150 Quaestiones
1060 3077 1125 3136 Na-

122 3171 242 3236 turales
271 3182 302 3234 et
324 3170 469 3234 Morales
493 3169 584 3231 etde
606 3169 708 3246 Fato,
746 3170 946 3252 Hieronymo
966 3175 1126 3259 Bagolino
1230 3181 1234 3188 ’

123 3272 308 3338 Veronensi
340 3284 371 3336 et
394 3272 535 3354 Baptista
574 3271 641 3336 filio
671 3272 915 3354 interpretibus,
955 3277 993 3339 de
1025 3279 1125 3344 anima

124 3376 209 3440 liber
225 3375 254 3438 Ι.
270 3374 469 3456 Hieronymo
481 3375 611 3437 Donato
626 3374 768 3439 Patricio
791 3378 918 3441 Veneto
940 3376 1124 3463 interprete,

123 3481 164 3542 de
187 3477 290 3541 anima
310 3477 391 3540 liber
411 3477 460 3540 Π,
484 3487 515 3540 et
537 3478 575 3540 tle
597 3477 748 3541 mixtione
763 3478 891 3564 Angelo
908 3478 1041 3549 Caninio
1058 3487 1127 3548 An-

125 3580 277 3668 glariensi
304 3581 478 3661 interprete
511 3578 614 3642 omnia
636 3601 752 3643 excusa
775 3581 917 3647 Venetiis
947 3590 1029 3668 apud
1051 3589 1128 3652 Hie-

127 3705 296 3764 ronymum
321 3683 451 3746 Scotum
476 3682 569 3746 1559.
591 3683 736 3747 infolio.
1123 3687 1127 3694 “

194 3823 243 3902 (3)
275 3825 429 3886 insertam
449 3823 471 3885 l.
489 3835 513 3884 t.
531 3821 713 3888 Biinotben'
733 3791 791 3888 der
808 3829 1038 3910 griechischen
1060 3833 1133 3894 Phi-
1217 3791 1221 3801 Ι

128 3925 303 4004 losopben.
326 3927 368 3990 Τ.
386 3929 450 3992 tv.
474 3949 508 4011 p.
527 3927 588 3990 150
603 3935 633 3987 st
648 3945 738 4010 seqq.
764 3927 873 3991 Turici
891 3926 984 3990 1782.
1010 3943 1074 3994 oct.
