2790 4512
242 314 309 380 '156'

487 435 495 458 ι

244 472 303 546 οὐκ
325 475 462 558 έίξαντες
483 478 556 554 ταῖς
582 467 783 568 φαντασίαις
804 480 875 556 τοῖς
897 470 1032 564 ἀλόχοις
1056 482 1121 548 τῶν
1143 480 1257 554 ἀλλων

214 623 219 634 .
243 575 332 663 ζώων
354 579 589 669 παραπλησίως
617 573 735 657 ἀσταῖς
765 572 921 664 ἑπόμεθα
933 631 943 662 ,
984 578 1195 669 συμβούλους
1219 611 1257 655 τε

242 677 516 773 παρακαλοῦμεν,
553 673 610 758 ὁός
634 675 675 748 ἀν
704 680 837 767 έιδῶμεν
864 684 962 750 πλέον
990 707 1023 772 τι
1051 683 1255 770 δυναμενονς

241 782 332 875 ἡμῶν
353 786 399 862 έις
422 779 481 864 τὴν
505 783 611 872 κρίσιν
632 783 696 848 τῶν
717 783 952 910 προκειμένων,
973 789 1028 852 καί
1050 780 1110 866 τὴν
1126 781 1254 878 ἀίρεσιν

242 883 470 978 συνάρασθαι.
504 883 657 967 ’Ήδηί
622 887 657 951 δὲ
678 889 751 975 περι
771 886 836 951 τῶν
852 880 1008 972 μειζόνων
1031 893 1087 954 καὶ
1104 892 1253 976 χαλεπω-

241 994 342 1082 τέρων
360 985 418 1058 οὐκ
440 984 594 1075 ὃκνοῦμεν
615 984 824 1106 συμβούλους
841 993 896 1055 καὶ
914 985 992 1066 τοὺς
1012 987 1118 1069 θεοὺς
1142 1017 1253 1084 παρα-

241 1098 365 1176 καλεῖν,
402 1087 566 1173 ἀξιοῦντες
585 1115 658 1212 παρ
686 1087 793 1156 ἀυτῶν
816 1081 990 1175 μαθεῖν’
968 1119 989 1172 η
1015 1089 1073 1160 διὰ
1094 1095 1253 1213 χρησμῶν
1294 1181 1297 1188 ¹

238 1193 332 1278 5555
349 1189 600 1282 συμβούλων,η
595 1188 691 1258 ι’δι
675 1193 806 1284 σνείρων
826 1186 934 1274 2⁴),‘
918 1197 1061 1286 σποτέρα
1074 1194 1140 1286 χρὴ
1162 1199 1249 1283 μάλ-

138 1359 141 1364 .
238 1303 297 1372 λον
314 1293 407 1385 ἡμᾶς,
421 1298 562 1362 ἑλέσθαι
586 1221 650 1362 555
670 1297 880 1382 ζητουμένων.
919 1291 1048 1365 Ἱκαναὶ
1069 1300 1106 1365 δὲ
1132 1305 1189 1366 καί
1213 1303 1250 1366 αἱ

237 1399 439 1490 νομοθεσίαν
463 1399 561 1463 τοῦτο
587 1398 749 1478 συστῆσαι
771 1394 843 1479 3⁵),
880 1399 913 1466 ἐν
939 1393 993 1478 οἳῖς
1019 1403 1249 1483 διδασκαλίαις

239 1527 274 1569 τε
300 1503 394 1569 τινῶν
416 1495 577 1567 κολούεται
596 1505 652 1566 καὶ
675 1495 917 1591 προςτόσσεται
936 1498 981 1568 τὰ
998 1508 1157 1588 ποιητέα,
1192 1511 1249 1574 καὶ

193 1625 200 1636 ·
237 1606 395 1726 τιμῶνται
418 1609 479 1692 μέν
500 1626 532 1668 οι
523 1598 745 1692 ΐπειθόμενοι
761 1599 909 1684 τούτοις,
925 1596 1136 1688 ’κολάζονται
1158 1611 1248 1676 55‘
1215 1634 1247 1676 οι

237 1703 292 1796 μή.
330 1703 436 1774 Αλλόι
459 1702 524 1794 μὴν
546 1703 642 1784 ὄντος
663 1711 702 1793 χέ
721 1731 810 1784 τινος
827 1704 876 1800 ἐφ
897 1702 991 1795 ἡμῖν,
1020 1707 1138 1778 καὶτὸ
1161 1711 1246 1780 ἕνδε-

233 1805 374 1899 χόμενόν
389 1811 497 1878 ἐστιν
530 1810 591 1930 έίχε
610 1803 659 1902 ἐφ
683 1804 760 1896 ἡμῖν
777 1813 847 1876 ἐστι
866 1806 905 1876 τό
927 1837 961 1877 τε
982 1812 1105 1903 πράξαι
1126 1820 1183 1882 καλ
1207 1811 1246 1882 τό

235 1909 291 2002 μη’.
339 1908 531 1982 Τοότουὲ
496 1910 564 1979 δὲ’
554 1909 669 1994 όντσς,
702 1907 913 1980 ἀδύνατον
894 1919 1076 1999 αναγκαῖον
1101 1918 1186 1986 έῖναι
1206 1913 1245 1985 τό

233 2017 293 2098 τῆς
310 2018 523 2106 ἕιμαρμένης,
546 2010 583 2082 όν
601 2017 634 2081 ἐν
656 1991 801 2096 τοότοις,
831 2009 936 2093 ένῖῖς
957 2021 1012 2082 καὶ
1033 2014 1072 2083 τό
1094 2015 1145 2111 ἐφ’
1167 2015 1245 2109 ἡμῖν

232 2117 296 2205 ἔχει
317 2113 438 2207 χώραν.
477 2113 606 2184 Ἱκαναλ
623 2119 658 2182 δὲ
680 2122 735 2183 καὶ
756 2120 792 2182 αἱ
807 2114 890 2209 πρός
911 2115 988 2196 τοὺς
1009 2117 1242 2212 θεοόςεύχαί,

233 2221 296 2287 τῶν
315 2226 374 2304 μέν
393 2213 584 2310 ἀποτροπήν
599 2243 695 2286 τινων
709 2215 909 2308 ἀιτουμένων
928 2216 1004 2312 παρ’
1029 2217 1138 2291 ἀυτῶν
1147 2277 1157 2308 ,
1179 2227 1243 2296 τῶν

231 2323 268 2390 δὲ
297 2317 390 2389 δόσιν
425 2317 586 2408 ἀμαθῶν,
623 2317 667 2400 ὡς
697 2318 798 2390 όντων
824 2324 919 2390 τινοῖν
947 2325 1159 2412 ἐνδεχομένων
1187 2334 1242 2398 καλ

230 2429 469 2515 γενέσθαικαὶ
492 2420 554 2512 μὴ,
590 2422 648 2492 διὰ
669 2421 728 2506 τῆν
751 2420 912 2516 ἡμετέραν
939 2421 1069 2508 ἀῖτησιν
1092 2425 1155 2496 ὑπὸ
1178 2434 1242 2501 τῶν

232 2531 324 2598 θεῶν
349 2530 514 2610 συστῆσαι
535 2523 573 2594 τό
603 2529 685 2595 ἐῖναί
709 2552 785 2594 τινα
813 2522 1012 2617 ἐνδεχόμενα.
1050 2526 1154 2599 Ἀλλὰ
1174 2532 1241 2622 μὴν

152 2706 154 2710 ,
232 2640 288 2702 καὶ
306 2635 341 2700 ἐκ
355 2633 413 2714 τῆς
428 2634 570 2724 φυσικῆς
586 2624 773 2708 συστάσεως
791 2631 854 2711 τῶν
870 2629 972 2700 όντων
986 2629 1125 2704 ἑκάστου
1139 2633 1238 2706 τοῦθ’

232 2731 303 2804 όῖόν
325 2760 360 2803 τε
384 2737 607 2823 καταμαθεῖν.
655 2728 706 2799 Ἡ
719 2730 784 2824 χάρ
809 2729 910 2826 φύσις
931 2731 1015 2819 ἀυτὴ
1039 2744 1107 2817 τοῖς
1126 2747 1188 2825 μὲν
1209 2741 1242 2824 ἐξ

232 2834 376 2924 ἀυάχκης
411 2833 484 2904 ὂῦσί
518 2862 552 2904 τε
580 2841 635 2904 καί
659 2839 862 2924 γιγνομένοις
885 2834 1038 2928 οὐδεμίαν
1062 2839 1240 2926 ἐπιτηδειό-

230 2967 313 3024 τητα
333 2936 416 3030 πρὸς
434 2935 652 3060 ἀντικείμενον
673 2939 785 3020 ἔδωκε,
817 2937 877 3021 τῆν
897 2943 932 3008 δὲ
952 2939 1239 3028 ἀνεπιτηδειότητα

231 3041 314 3137 πρὸς
334 3037 498 3114 ἀδύνατα·
519 3038 627 3168 μάτην
650 3038 756 3132 χάρε
742 3041 821 3122 ἕξειν
846 3042 954 3130 ἔμελλε
981 3042 1040 3127 τὴν
1060 3045 1238 3132 ἐπιτηδειό-

230 3173 314 3246 τητα
331 3142 473 3240 πρόςη
436 3141 493 3227 τῆν
515 3148 561 3223 έις
585 3146 691 3210 ταῦτα
711 3143 957 3231 μεταβολῆν,”
937 3173 1019 3215 οντα
1039 3156 1095 3218 καλ
1116 3148 1238 3222 ἀδόνα·

230 3276 273 3318 τα
300 3229 446 3329 ἀλλως’
435 3249 525 3336 ε’χειν.
575 3237 780 3337 θρῶμεν
741 3274 819 3338 χαρ.
836 3239 888 3315 ότι
919 3246 993 3318 ὀύτε
1022 3248 1060 3318 τό
1090 3257 1154 3348 πῦρ
1187 3251 1237 3340 ²⁶)

229 3355 292 3477 ἔχει
314 3349 452 3474 δύναμιν
472 3344 686 3470 ψυχρότητος
707 3351 740 3416 ἐν
761 3345 867 3442 ἀστῷ,
900 3347 974 3420 ὀότε
995 3349 1016 3437 5
1033 3351 1115 3446 χιῴν
1134 3363 1236 3446 μελα·

228 3458 316 3539 νίας,
349 3451 421 3524 ὀότε
444 3451 487 3522 τά
507 3449 613 3545 βάρεα
638 3447 865 3544 κουφότητος,
896 3453 1037 3542 μένοντά
1063 3485 1100 3546 χε
1127 3457 1236 3530 τάυτόι

227 3553 251 3628 ἀ
268 3562 356 3626 έστιν
372 3561 437 3639 ²⁷),
469 3553 543 3625 5555
565 3556 682 3623 τιτῶν
704 3552 815 3624 ἀϊδίων
838 3560 897 3626 505
918 3562 1109 3652 φθαρῆναι
1157 3570 1235 3652 Τοῖς

224 3666 263 3731 55
288 3658 347 3729 οὐκ
369 3657 549 3746 ἀναγκαῖον
577 3661 610 3726 ἐν
634 3661 771 3751 θατέρῳ
801 3685 864 3728 των
891 3657 1116 3753 ἀντικειμένων
1141 3663 1235 3763 ἀφω-

226 3767 383 3888 ρισμένως
415 3763 496 3830 έῖναῖ
522 3788 556 3830 τε
584 3766 639 3828 καὶ
662 3765 768 3884 μένειν
795 3759 917 3844 τάυτά,
953 3772 1009 3832 καλ
1036 3771 1094 3849 τῆς
1121 3771 1168 3848 έις
1195 3767 1234 3842 τό

226 3865 446 3953 ἀντικείμενον
478 3864 711 3950 μεταβολῆς
696 3890 729 3930 εκ
760 3861 889 3956 φόσεως
919 3866 1000 3955 ε’χειν
1035 3868 1093 3951 την
1124 3899 1233 3965 παρα-
