2748 4514
204 509 212 552 λ

249 297 289 373 98

323 465 366 524 Ἐι
385 463 445 546 γὰρ
459 463 623 542 ’φυτεύσεις
641 461 738 524 πᾶιδα
756 468 804 534 ς),
823 462 984 524 ἀποκτενεῖ
1002 461 1025 524 τ’
1040 463 1067 524 Γό
1086 461 1148 540 φύς
1165 470 1205 540 γ).

327 567 391 629 Καὶ
409 571 470 634 πᾶς
488 564 542 634 σός
559 543 643 633 όίκος
659 565 789 682 βήσεται
807 563 902 624 66‘6
864 589 886 625 α
888 565 1005 646 ί.ματος

252 678 376 794 ῳασὶν,
412 667 456 750 ὡς
483 665 633 758 κηρύττει
661 667 706 736 τόι
726 664 970 790 συγγράμματα
992 665 1116 753 ιἰυτῶν,
1154 665 1260 750 όύτιις

251 773 355 844 αυτόν
372 776 514 892 χρῆσαι,
530 770 580 862 μή
603 769 646 851 ὡς
667 768 727 840 οῦκ
749 767 861 838 έιδότα
883 763 954 851 ⁸)‘'
935 797 987 839 οτι
1007 769 1054 860 μή
1073 769 1259 854 πεισθήσε-

251 903 309 944 ται
330 874 471 959 (πόντιος
492 875 556 968 γὰρ
576 877 703 962 μᾶλλον
724 871 807 970 ήδει)
830 866 942 942 ἀλλ”
923 900 977 942 οτι
996 878 1098 963 μηδὲν
1119 883 1179 964 μὲν
1200 872 1260 944 66-

216 1001 218 1007 ·
253 983 313 1049 τοῦ
342 982 493 1048 τοιοῦτον
515 974 722 1071 χρήσαντος,
754 974 850 1044 οὐδέν
816 976 987 1063 έέμελλε
1019 980 1083 1046 τῶν
1112 979 1141 1060 ⁵)
1174 977 1270 1046 κατὰ

251 1080 311 1165 τήν
330 1087 536 1174 περιπέτειαν
556 1079 616 1163 τήν
643 1085 716 1172 περὶ
744 1077 803 1147 τόν
823 1075 933 1147 Λαιόν
954 1105 988 1147 τε
1009 1087 1066 1147 και
1086 1078 1146 1148 τόν
1171 1077 1260 1150 Οἰδί-

250 1209 335 1254 πουν
365 1177 543 1271 γινομένων
569 1184 743 1270 γίνεσθαι·
780 1177 854 1249 όύτε
881 1180 946 1274 γὰρ
979 1179 1020 1256 ῦυ
1035 1183 1209 1280 ,ἐξέθηκεν
1239 1179 1258 1251 6

253 1283 362 1366 Λάϊος
383 1285 441 1355 τὸν
465 1283 638 1374 γενόμενον
668 1280 758 1376 όυτῷ
778 1287 900 1366 παῖδα,
922 1281 966 1364 ὡς
987 1287 1159 1369 ἐξέθηκεν,
1188 1282 1257 1364 Ιοὐτ’

252 1387 444 1480 ἀναιρεθεὶς
465 1385 484 1476 6
505 1393 584 1466 παῖς
604 1383 669 1454 ύπό
690 1389 750 1455 τοῦ
770 1383 953 1474 βουκόλου,
975 1395 1031 1456 καὶ
1045 1391 1165 1469 δοθεὶς
1177 1387 1259 1483 πρὸς

252 1493 432 1580 εἰςποὶησιν
453 1492 500 1584 τῷ
520 1491 699 1582 Κορινθίῳ
722 1486 884 1581 Πολύβῳ,
918 1487 1106 1583 ἀνδρωθεὶς
1127 1499 1184 1561 καί
1204 1518 1258 1561 πε·

251 1591 391 1687 ριτυχών
412 1596 458 1687 τῷ
478 1598 578 1686 Λαίῳ
600 1590 687 1659 κατὰ
708 1590 768 1674 τήν
789 1589 885 1676 ὁδόν,
918 1590 1045 1681 ἀγνοῶν
1065 1619 1100 1662 τε
1122 1602 1179 1663 καὶ
1201 1591 1259 1684 σίγ-

249 1693 426 1787 υοούμενος
448 1693 631 1765 ἀπέκτεινεν
653 1691 765 1764 σἰντόν.
811 1692 857 1763 Οὐ
879 1693 943 1788 γόιρ
965 1693 1007 1765 όίν
1027 1723 1107 1765 ποτε
1130 1694 1175 1782 ὡς
1189 1695 1260 1780 ῦιός

249 1801 348 1870 ἔνδον,
363 1797 439 1892 παρ’
463 1796 553 1893 οίυτρῦ
580 1795 781 1892 τρεφόμενος
805 1803 851 1881 ¹⁰)
879 1795 1018 1887 ήγνόησε
1039 1798 1118 1880 τοῦς
1139 1807 1259 1890 γονεῖς,

250 1899 295 1982 ὡς
315 1902 373 1972 τόν
394 1912 453 1992 μέν
474 1900 582 1970 ἆντιῦν
603 1899 810 1982 ἀποκτείναι,
845 1899 903 1983 τὴν
932 1905 967 1972 δέ
996 1906 1037 1985 ¹¹)
1065 1899 1260 1992 ἀγαγέσθαι

252 2005 335 2098 πρός
355 2003 473 2096 γάμον.
506 1999 618 2084 Ὅπως
640 2000 698 2071 όῦν
719 2006 825 2071 ταῦτα
846 1999 955 2072 πάντα
981 2008 1081 2101 σωθῇ
1102 2013 1160 2074 καὶ
1180 2013 1260 2090 πλη-

253 2111 352 2201 ρωθῇ
374 2105 413 2174 τό
435 2109 494 2190 τής
513 2109 709 2197 έιμαρμένης
738 2108 849 2198 δρᾶμα
861 2158 870 2188 ,
908 2110 1100 2200 φαντασίαν
1128 2105 1148 2177 6
1178 2107 1261 2189 θεὸς

253 2207 311 2277 διὰ
332 2213 392 2276 τοῦ
410 2210 561 2301 χρησμοῦ
582 2209 628 2301 τῷ
642 2211 741 2302 Λαΐῳ
760 2213 918 2301 παρέσχεν
941 2206 984 2290 ὡς
1006 2214 1176 2306 δυναμένῳ
1198 2240 1261 2308 ῳο-

252 2309 430 2402 λόξασθαι
457 2311 501 2380 τόι
532 2308 709 2404 λεγόμενα,
743 2319 799 2380 καὶ
828 2315 894 2380 ἐπεὶ
914 2318 1107 2402 μεθυσθεὶς
1129 2318 1261 2388 ἐπαιδο-

251 2413 433 2540 ποιήσατο,
455 2417 591 2499 ἐξέθηκε
611 2411 651 2482 τό
671 2411 843 2537 γενόμενον
864 2417 1014 2499 παίδιον,
1047 2413 1091 2496 ὡς
1111 2421 1261 2512 διαφθε.

250 2519 333 2612 ρῶν,
362 2512 436 2603 ήτις
457 2514 639 2598 ἕκθεσις
620 2518 713 2586 αιτία
739 2520 802 2585 τῶν
824 2513 964 2586 ἀνοσίων
984 2515 1106 2643 μύθῳν
1121 2525 1261 2609 Ιἐγένετο.

249 2621 344 2692 Εἶτα
369 2625 419 2704 τίς
438 2625 545 2692 ταῦτα
569 2625 670 2709 λέγων
693 2623 762 2700 πῶς
786 2620 807 2704 6
801 2617 921 2704 σώζει
945 2621 1124 2748 μαντικήν,
1150 2624 1262 2750 ἢπερὶ

256 2729 349 2796 θεῶν
377 2727 614 2813 evaesseiacss)
600 2719 794 2808 λδιδιίσκει
820 2720 1077 2847 προλήεγεις,’
1056 2755 1077 2810 η
1099 2725 1263 2850 χρήσιμόν

256 2856 290 2898 τι
310 2829 513 2898 δείκνυσιν’
494 2851 634 2917 εχοοσαν
654 2824 713 2910 τήν
736 2824 915 2917 μαντικήνς
947 2825 997 2896 Ἡ
1010 2837 1071 2919 μὲν
1094 2830 1160 2922 γὰρ
1180 2860 1262 2924 μαν-

256 2930 331 3022 τική
356 2935 448 3000 δοκεῖ
467 2933 530 2999 τῶν
557 2926 741 3020 μελλόντων
764 2927 1006 3051 προαγόρευσις
1032 2936 1132 3018 έιναι,
1168 2943 1203 3005 οἱ
1229 2941 1263 3007 δὲ

255 3035 317 3106 τὸν
327 3029 481 3104 ’Λπόλλα
491 3031 633 3116 ποιητήν
654 3023 698 3101 ὧν
717 3029 933 3126 προαγορεύει
946 3036 1108 3106 ποιοῦσιν.
1142 3031 1263 3134 Ὀγόρ

258 3138 320 3209 οῦκ
338 3135 380 3208 όίν
398 3133 501 3216 όύτοις
518 3139 643 3224 ἐγένετο
663 3134 710 3224 μή
732 3138 851 3256 τοῦτον
864 3135 923 3206 τὸν
940 3134 1064 3231 τρόπον
1078 3136 1264 3266 χρήσαντος

257 3246 320 3312 τοῦ
344 3243 449 3322 θεοῦ,
481 3246 537 3308 και
558 3233 582 3305 6
575 3233 661 3306 διόι
676 3241 775 3305 τοῦτο
800 3235 905 3319 όύτως
926 3240 1058 3333 ἔχρησεν
1082 3249 1142 3326 ¹³),
1178 3238 1264 3327 ὅπως

183 3395 185 3398 .
259 3354 393 3436 γένηται
420 3342 463 3412 τὰ
495 3338 540 3410 ἐπ’
567 3337 681 3421 ἆυτοῖς
704 3337 880 3430 γενόμενα,
917 3346 985 3423 πῶς
1015 3343 1075 3414 ούκ
1102 3347 1266 3440 έργατοῦ

254 3447 458 3542 χρήσαντος,
491 3442 559 3514 ἀλλ’
593 3442 631 3515 οῦ
659 3440 799 3534 μήνυσις
824 3446 888 3513 τῶν
919 3449 1097 3535 έσομένωνς
1124 3447 1214 3520 Ἀλλ’
1238 3455 1266 3521 ἐι

259 3557 317 3621 καὶ
339 3556 393 3619 δεῖ
408 3555 508 3620 πλέον
532 3575 565 3618 τι
586 3550 650 3617 τῦν
675 3545 783 3616 ἄλλων
802 3543 948 3635 μάντεων
962 3550 1044 3672 ἔχειν
1057 3550 1136 3633 τούς
1149 3553 1265 3640 θεοὺς,

258 3652 305 3735 ὡς
333 3661 388 3722 καὶ
408 3648 635 3745 συμπράσσειν
661 3656 732 3730 τοῖς
756 3652 922 3739 ἐσομένοις
941 3652 1025 3774 πρὸς
1044 3652 1083 3722 τὸ
1105 3658 1267 3744 γίνεσθαι
1362 3727 1363 3736 ,

261 3752 535 3876 συνεργούμενον,
556 3763 613 3824 καὶ
631 3753 696 3848 γὰρ
719 3759 750 3822 οἱ
770 3760 906 3836 ποιηται
923 3753 1021 3823 τοῦτό
1035 3783 1071 3844 γε
1086 3785 1172 3884 περι
1150 3765 1267 3832 θεῶν
1361 3801 1362 3812 1

257 3855 432 3948 ὑμνοῦντες
454 3849 719 3939 διατελοῦσιν,“’
699 3881 751 3926 οτι
773 3853 840 3952 ίίρα
860 3858 922 3925 εισλ
942 3859 1137 3952 δοτῆρες”
1101 3888 1186 3934 eam
1213 3861 1266 3951 ¹⁴),

1097 4123 1106 4152 Χ
