2718 4506
316 481 441 568 quidern
462 503 480 548 a
501 479 654 558 Caesario
682 480 906 574 ιιοιιιίωσοῐιω.Ι
935 479 1061 572 ’Σῆρες
1069 477 1084 562 ,’
1112 481 1228 566 inquit,

315 591 348 656 οί
361 583 407 664 Ιτὸ
428 581 531 677 ἀκρον
550 586 610 654 τοῦ
628 588 757 677 χέρσον.
771 580 950 665 οἰκοῦντες,
986 578 1088 670 νόμον
1109 583 1231 671 ἔχοντες

316 685 355 756 τὸ
376 690 530 782 πατρῷον
557 687 642 766 ἔθος
666 684 712 776 μὴ
740 687 985 778 έταιρίζεσθαι,
1007 689 1090 774 μηδὲ
1112 688 1229 776 σολᾷν,

315 794 398 879 μηδὲ
418 793 620 881 μοιχᾶσθαι,
642 787 687 878 μὴ
701 787 841 873 Ι,ξοάνοις
859 795 1068 880 προςκννεῑν,
1089 786 1233 870 ἢποτνι

211 947 214 956 .
315 895 430 962 sinubat
450 895 601 980 δαίμοσι,
621 888 699 984 μηδ’
723 885 806 972 ὅλως
827 895 860 960 ἐν
881 889 994 972 ἀστοῖς
1013 887 1171 981 ὑπάρχειν
1191 893 1232 958 ἐί-

315 1000 436 1078 δωλον,
470 993 492 1080 ἢ
513 999 664 1090 ἑταίραν,
686 992 707 1079 ἢ
727 995 924 1084 μοιχαλίδα,
948 992 987 1064 ού
1010 992 1173 1077 σνλώτην,
1195 992 1232 1061 ού

236 1161 246 1170 .
314 1103 437 1192 φονέα,
459 1096 498 1168 οὗ
520 1095 711 1181 λωποδύτην
732 1111 795 1164 etc.
817 1098 1001 1167 Eusebianis
1017 1121 1151 1181 prorsus
1167 1098 1229 1162 affi-

315 1202 380 1268 nia.
402 1204 542 1268 Eosdem
557 1204 593 1267 S.
609 1203 804 1286 Epiphanius
825 1225 860 1286 p.
884 1202 979 1266 1091.
1001 1203 1058 1266 ‘ubi
1079 1202 1172 1268 etiarn
1192 1205 1229 1264 de

316 1305 448 1370 diversis
469 1308 664 1372 diversarum
686 1306 824 1392 gentium
846 1305 975 1382 ritibus,
1014 1300 1154 1391 Σύρους
1175 1328 1229 1388 ap·

315 1408 424 1490 pellat.
455 1409 599 1492 (Viger.)
639 1409 774 1497 Σῆραι,
810 1406 904 1471 etiam
926 1419 1081 1472 vocantur
1099 1409 1231 1488 Anony-

316 1530 370 1572 mo
398 1510 431 1574 in
462 1509 674 1591 Expositione
703 1509 791 1574 orbis
819 1522 976 1576 terrarum
1007 1509 1091 1574 edita
1119 1532 1139 1576 a
1165 1512 1230 1576 Iac.

218 1617 219 1621 ’
317 1612 522 1678 (tortoreto
545 1613 696 1677 (tenerae
718 1613 813 1677 1628.
843 1613 899 1697 qui
926 1612 1098 1696 peculiaria
1129 1616 1167 1678 de
1194 1614 1232 1678 iis

315 1715 411 1779 tradit
439 1728 471 1779 et
498 1738 517 1779 a
544 1715 740 1801 reliquorum
767 1715 999 1782 narrationibus
1029 1716 1232 1783 abhorrentia

317 1811 483 1896 statin'ab
505 1819 607 1883 initio.
651 1819 724 1899 (0.)
1075 1809 1077 1816 ¹

255 1922 288 2003 7)
317 1915 597 2012 Βραχμάνων]
619 1920 786 1986 Caesarius
798 1917 1019 2012 Βραχμανούς
1040 1935 1154 2001 vocat,
1178 1925 1235 1987 sed

317 2019 356 2089 τὸ
374 2051 397 2112 χ
419 2026 529 2102 credo,
553 2024 585 2088 in
605 2051 643 2112 χ,
668 2024 789 2088 succisa
808 2023 903 2089 tibiae
925 2037 1015 2107 parte
1040 2028 1233 2089 decurtatum

318 2135 378 2190 est.
433 2121 566 2213 Νόμος,
601 2125 722 2209 inquit,
759 2123 851 2219 παρά
879 2128 1120 2219 Βακτριανοῖς,
1161 2125 1238 2211 ἤτοι

319 2230 545 2318 Βραχμανοῖς.
583 2229 700 2313 (Atqui
720 2230 811 2294 latius
834 2229 992 2295 Bactriani
1012 2243 1139 2314 patent,
1177 2254 1237 2296 nee

318 2321 450 2395 altarum
472 2353 534 2414 pro
561 2332 663 2398 altero
684 2333 863 2415 promiscue
885 2333 1032 2414 sumitur)
1054 2329 1074 2415 ἡ
1098 2337 1134 2400 ἐκ
1155 2353 1247 2426 προ-’

317 2429 423 2521 γόνων
442 2435 575 2502 παιδεία
596 2432 641 2523 μὴ
662 2431 803 2522 μεθύειν
825 2437 1000 2519 (Interpres
1015 2436 1094 2522 legit
1106 2435 1153 2522 μὴ
1168 2433 1237 2504 δύ-

318 2538 377 2617 ειν)
398 2539 480 2624 μηδὲ
502 2532 642 2630 ἀψύχων
662 2533 1046 2623 ἀποχεύοσθαι·(ῐιονιιοι
1061 2541 1156 2623 plane
1180 2563 1236 2627 ge-

317 2662 376 2704 nus
398 2637 523 2728 ἀποχῆς
540 2653 571 2704 et
582 2635 806 2726 Pythagoreae
827 2641 872 2706 illi
893 2636 1123 2729 ἀντικειμένης.
1145 2646 1237 2730 Lege

319 2764 390 2806 cum
424 2756 538 2808 nostro
578 2737 654 2832 μηδ’
691 2738 857 2833 ἐμψύχων)
893 2741 954 2812 οὔκ
990 2739 1079 2812 δίνου
1114 2741 1224 2814 ἀπλού
1231 2799 1248 2832 ,1

290 2839 471 2940 ’ἀνόδου
491 2847 579 2927 (vino
606 2846 741 2938 factitio)
768 2851 936 2935 μετέχειν,
963 2843 1050 2915 θεὸν
1070 2844 1129 2916 τὸν
1161 2847 1239 2936 ἐμὸν

316 2943 527 3026 δεδοικότας·
548 2950 678 3020 καίτοι
699 2951 762 3016 τῶν
782 2952 1026 3040 παρακειμένων
1046 2945 1161 3030 ἀστοῖς
1171 2949 1238 3020 Ἰν-

319 3050 383 3117 δῶν
402 3046 687 3142 μιαιφονούντων,
702 3056 765 3118 -καλ
787 3047 1071 3145 οἰνοφλνγύντων,
1100 3060 1157 3138 καὶ
1177 3081 1239 3143 μο-

318 3153 394 3220 νιῶν
415 3149 537 3242 ἀχρίων
563 3149 585 3236 ἢ
613 3156 700 3223 σνῶν
720 3154 812 3236 δίκην
833 3150 1094 3241 θηλνμανόντων
1114 3163 1172 3225 καὶ
1194 3161 1239 3250 τῷ

319 3250 428 3322 πάθει
450 3259 720 3353 κραδαινομένων.
762 3257 813 3323 De
835 3258 1082 3328 Brachmanibus
1107 3281 1237 3326 eorum·

320 3381 382 3443 que
404 3359 544 3423 moribus
566 3373 598 3424 et
617 3359 764 3426 institutis
786 3372 930 3444 accurate
953 3361 1069 3426 Strabo
1091 3364 1136 3426 L.
1151 3365 1236 3428 XV.

317 3463 405 3526 Inter
427 3474 549 3526 caetera
570 3485 626 3528 eos
650 3463 693 3528 ait
714 3464 896 3554 διατρίβειν
925 3464 958 3530 έν
989 3459 1106 3543 ἀλσει,
1142 3460 1240 3544 λιτῶς

320 3564 462 3645 ζῶντας,
480 3566 527 3632 Ὶέν
548 3560 684 3652 στιβάσι
705 3570 761 3632 καὶ
782 3569 917 3657 δοραῖς,
945 3562 1162 3656 ἀπεχομένους
1183 3569 1240 3655 έμ-

318 3662 434 3760 ψύχων
454 3673 511 3734 καὶ
532 3664 746 3759 ἀφροδισίων,
770 3663 995 3759 ἀκροωμένους
1016 3665 1121 3755 λόχων
1136 3694 1240 3738 σπου-

323 3771 432 3837 δαίων.
453 3770 513 3833 His
536 3768 777 3859 ἀνταγωνισταὶ
797 3773 867 3836 Indi
892 3772 1016 3857 qiidam
1031 3773 1098 3850 alii,
1122 3775 1239 3838 Pram-

318 3894 377 3937 ατε
399 3872 524 3954 nomine
536 3926 545 3958 ,
569 3878 622 3940 ,de
645 3875 756 3959 quibus
779 3875 894 3944 ibidem
918 3875 1046 3942 Strabo.
1092 3876 1237 3962 Epipha-
