2790 4512
1098 309 1160 394 aaa

152 501 278 562 nabeat.
323 498 377 562 Ae
396 497 533 582 primum
559 499 684 584 quidem
705 500 790 566 eirea
809 523 887 585 quas
909 525 960 568 res
981 504 1014 568 id
1038 499 1160 566 versari

152 603 318 668 &endum
339 602 398 680 sit,
432 603 645 684 inspiciamus.
699 605 738 668 ld
757 606 856 684 enim,-
891 607 946 670 nbi
969 605 1159 670 declaratum
1232 601 1238 618 ⁰

152 707 267 784 luerit,
308 726 426 790 operae
451 707 587 790 pretium
610 707 707 772 fuerit
738 709 830 773 etiam
862 709 982 794 reliqua
1007 719 1160 792 quaerere
1208 729 1211 734 ·
1315 691 1344 753 ,¹

152 813 190 874 de
206 810 293 894 ipso.
338 811 449 892 Ipsum
469 811 566 896 igitur
579 803 694 874 Fatum
712 813 855 877 omnibus
873 807 969 878 rebus
991 814 1160 898 adiungere

127 928 184 980 ·et
218 914 324 979 omnia
361 915 446 978 entia
476 917 645 978 sectandum
677 917 790 980 Fatum
826 939 894 982 esse
930 918 1055 1001 dicere,
1099 928 1161 978 tam

154 1019 344 1101 sempiterna
368 1031 462 1101 quam
487 1039 569 1098 non,
606 1033 708 1103 neque
730 1021 848 1105 alioqui
875 1020 1062 1085 rationabile
1092 1030 1157 1094 est,

152 1143 256 1208 neque
278 1123 319 1185 ab
340 1119 413 1198 iis,‘
433 1123 489 1205 qui
516 1121 651 1185 maxime
676 1123 789 1188 Fatum
819 1127 983 1188 decantant
1008 1144 1067 1187 eeu
1088 1143 1161 1185 eau-

154 1249 220 1292 sam
246 1225 385 1290 omnium
410 1236 519 1288 rerum
541 1244 622 1308 qnae
644 1226 742 1304 flunt,
780 1228 947 1291 admissum
972 1249 1009 1290 aa
1030 1247 1162 1292 conres-

156 1352 239 1395 suuu
281 1330 396 1412 Neque
418 1327 500 1392 enim
519 1328 635 1392 rationi
653 1343 896 1395 consentaneum
918 1342 966 1394 est
987 1343 1023 1393 ut
1047 1331 1162 1412 sempi-
1230 1360 1234 1366 ·
1336 1317 1339 1326 ¹

157 1445 280 1496 ternum
293 1433 464 1495 semmdnm'
472 1433 584 1495 Fatum
600 1453 669 1498 esse
684 1430 834 1498 dieamus.
851 1433 1031 1498 Ridiculum
1048 1435 1164 1518 quippe

157 1551 205 1602 est
226 1537 254 1600 si
283 1536 352 1620 quis
385 1537 593 1600 dimetientem
625 1536 716 1600 lateri
741 1537 936 1622 inaequalem
962 1559 1031 1602 esse
1052 1558 1164 1602 seerm-

156 1643 228 1704 dnm
255 1641 369 1704 Fatum
388 1645 524 1716 asserat,
556 1653 609 1703 aut
633 1641 825 1730 triangulum
850 1654 1023 1723 propterea
1044 1643 1163 1704 duabus

154 1743 249 1808 rectis
275 1744 422 1826 aequales
447 1745 567 1806 habere
588 1745 722 1828 angulos
746 1744 966 1820 extrinsecos,
991 1756 1022 1808 et
1038 1745 1163 1826 penitus

154 1851 191 1910 ea
221 1868 305 1930 quae
339 1867 462 1928 semper
488 1849 657 1912 seeundum
687 1850 795 1910 eadem
816 1859 848 1909 et
877 1850 1103 1931 eodemmodo
1128 1868 1163 1909 se

155 1953 296 2025 habent,
339 1951 506 2014 absurdum
538 1963 585 2014 est
617 1949 644 2014 sl
679 1951 748 2034 quis
777 1953 947 2012 seeundum
975 1952 1090 2014 Fatum
1120 1953 1164 2013 ita

154 2055 223 2137 ipsa
246 2055 365 2117 habere
394 2054 567 2118 asseverata
611 2053 696 2135 Quin
718 2053 809 2116 etiam
837 2073 878 2116 ne
907 2053 1011 2117 omnia
1040 2053 1164 2136 quidem

156 2177 236 2242 qnae
264 2155 452 2242 gignaamum
512 2159 736 2242 Quaecumque
754 2157 835 2220 enim
857 2160 971 2222 honam
990 2156 1162 2221 ordinatam

158 2273 192 2325 et
214 2274 331 2324 certam
354 2261 589 2345 generationem
603 2263 719 2324 habent
744 2273 775 2323 et
796 2272 927 2337 motum,
947 2245 1016 2342 ipsa
1037 2281 1166 2344 quoque

154 2361 250 2428 ¹entra
270 2355 383 2428 Fatum
404 2365 509 2445 posita
533 2375 617 2426 sunta
661 2366 737 2428 Non
764 2365 846 2427 enim
868 2363 950 2428 Fato
978 2364 1034 2427 Sol
1055 2364 1087 2426 in
1117 2364 1166 2427 hid

158 2471 261 2532 berno
277 2480 330 2530 ant
348 2469 469 2532 aestivo
492 2467 628 2532 solstitio
645 2479 809 2544 uersatam
832 2483 934 2550 neque
946 2468 1044 2529 ullum
1059 2477 1164 2530 astro·

157 2591 228 2634 rum
250 2562 333 2636 Fato
369 2592 494 2634 causam
529 2589 604 2634 suae
636 2570 761 2634 lationis
794 2581 952 2650 acceptam
984 2569 1066 2633 sert:
1110 2573 1169 2631 sed
1204 2617 1208 2623 .

162 2674 249 2736 velut
268 2673 357 2738 iuxta
374 2675 539 2737 essentiam
562 2686 592 2737 et
621 2659 823 2736 substantiam
844 2672 943 2734 libera
970 2684 1042 2733 sunt
1070 2693 1088 2734 a
1112 2667 1167 2734 uli

160 2797 274 2854 eausa,
307 2778 352 2840 ita
376 2793 505 2861 quoqne
525 2778 558 2840 in
579 2776 719 2858 propriis
742 2777 876 2840 actibus·
925 2774 1039 2855 ⁴Quare
1059 2779 1177 2838 rerum

159 2880 416 2962 sempiternarum
446 2892 498 2943 aut
530 2898 610 2963 quae
638 2878 809 2942 seeundum
839 2881 948 2940 eadem
988 2891 1019 2942 et
1054 2880 1165 2942 eodem

158 2985 253 3048 modo
286 3003 414 3065 semper
444 3005 477 3046 se
509 2985 643 3059 habenta
688 2982 776 3045 nullo
812 2994 908 3063 paeto
934 2983 1047 3045 Fatum
1076 3001 1168 3044 cansa

158 3087 299 3160 exsistit3
322 3089 379 3148 sed
396 3086 521 3148 videtur
538 3086 570 3148 in
589 3088 683 3148 rebus
704 3086 900 3170 generationi
920 3097 951 3148 et
971 3084 1168 3164 corruptioni
1256 3079 1260 3088 ’

158 3189 306 3252 subiectis
327 3191 440 3252 Fatum
466 3188 602 3252 versari.
659 3190 698 3252 In
722 3188 760 3252 iis
782 3190 863 3252 enim
889 3209 987 3272 quae,
1020 3197 1169 3270 quantum

160 3285 203 3354 ad
223 3293 395 3354 naturalem
420 3303 605 3374 apparatum
627 3293 781 3373 pertinet,
806 3307 879 3374 apta
894 3302 965 3354 sunt
985 3301 1016 3352 et
1038 3309 1169 3378 compa⁴

161 3404 234 3458 rata
256 3396 295 3456 ad
315 3395 486 3478 apposita,
518 3395 566 3458 vis
586 3395 658 3458 Fati
682 3396 804 3460 versari
830 3397 976 3469 videtur,
1014 3391 1046 3454 in
1068 3391 1169 3456 altero

161 3497 385 3580 oppositorum
417 3499 568 3562 cohibens
602 3521 639 3563 ea
675 3510 709 3562 et
742 3517 953 3572 conservans,
1000 3496 1169 3557 secundum

163 3605 316 3684 quandam
339 3601 459 3666 ordinis
481 3603 750 3686 consequentiam.
795 3601 885 3681 Quae
905 3599 987 3662 enim
1003 3598 1070 3662 sine
1085 3596 1168 3659 Fato

162 3723 226 3768 unu
246 3706 291 3769 ita
315 3707 490 3770 rehabere
518 3727 613 3788 posse
635 3707 797 3780 videntur,
837 3723 874 3766 ea
901 3724 920 3764 a
940 3701 1022 3765 Fato
1047 3700 1078 3766 in
1099 3700 1166 3762 hoe

163 3808 276 3872 ordine
309 3809 495 3874 conservari
534 3809 693 3874 videntur.
758 3805 850 3870 Talia
868 3818 979 3868 antem
1006 3814 1078 3866 sumt
1103 3822 1170 3864 nou

164 3911 223 3976 alia
248 3914 354 3990 enus,
392 3933 486 3998 qnam
510 3925 545 3976 ea
568 3933 646 3996 quae
668 3923 740 3978 sunt
761 3911 799 3976 in
816 3907 1020 3996 generatione
1042 3917 1074 3970 et
1094 3920 1169 3968 eona
