<?xml version="1.0" encoding="UTF-8"?>
<!DOCTYPE html PUBLIC "-//W3C//DTD XHTML 1.0 Transitional//EN"
    "http://www.w3.org/TR/xhtml1/DTD/xhtml1-transitional.dtd">
<html xmlns="http://www.w3.org/1999/xhtml" xml:lang="en" lang="en">
 <head>
  <title>
</title>
<meta http-equiv="Content-Type" content="text/html;charset=utf-8" />
  <meta name='ocr-system' content='tesseract 3.04.00' />
  <meta name='ocr-capabilities' content='ocr_page ocr_carea ocr_par ocr_line ocrx_word'/>
</head>
<body>
  <div class='ocr_page' id='page_1' title='image "./alexandriaprodi00alexgoog_0035.png"; bbox 0 0 2694 4508; ppageno 0'>
   <div class='ocr_carea' id='block_1_1' title="bbox 546 217 554 244">
    <p class='ocr_par' dir='ltr' id='par_1_1' title="bbox 546 217 554 244">
     <span class='ocr_line' id='line_1_1' title="bbox 546 217 554 244; baseline 0 0"><span class='ocrx_word' id='word_1_1' title='bbox 546 217 554 244; x_wconf 72' lang='lat' dir='ltr'><em>f</em></span> 
     </span>
    </p>
   </div>
   <div class='ocr_carea' id='block_1_2' title="bbox 238 337 278 400">
    <p class='ocr_par' dir='ltr' id='par_1_2' title="bbox 238 337 278 400">
     <span class='ocr_line' id='line_1_2' title="bbox 238 337 278 400; baseline 0.05 -2"><span class='ocrx_word' id='word_1_2' title='bbox 238 337 278 400; x_wconf 80' lang='lat'><strong><em>18</em></strong></span> 
     </span>
    </p>
   </div>
   <div class='ocr_carea' id='block_1_3' title="bbox 137 452 1337 3659">
    <p class='ocr_par' dir='ltr' id='par_1_3' title="bbox 237 452 1337 982">
     <span class='ocr_line' id='line_1_3' title="bbox 237 452 1253 570; baseline -0.047 0"><span class='ocrx_word' id='word_1_3' title='bbox 237 480 523 570; x_wconf 79' lang='grc' dir='ltr'><strong><em>ἀκολούθοὺς27)</em></strong></span> <span class='ocrx_word' id='word_1_4' title='bbox 546 474 626 547; x_wconf 84' lang='grc' dir='ltr'><strong><em>ἰδεῖν</em></strong></span> <span class='ocrx_word' id='word_1_5' title='bbox 646 473 724 542; x_wconf 77' lang='grc' dir='ltr'><strong><em>ἐστὶ.</em></strong></span> <span class='ocrx_word' id='word_1_6' title='bbox 772 471 826 562; x_wconf 75' lang='grc' dir='ltr'><strong><em>Τῷ</em></strong></span> <span class='ocrx_word' id='word_1_7' title='bbox 849 473 909 556; x_wconf 78' lang='grc' dir='ltr'><strong><em>μέν</em></strong></span> <span class='ocrx_word' id='word_1_8' title='bbox 936 462 1001 555; x_wconf 88' lang='grc' dir='ltr'><strong><em>γάρ</em></strong></span> <span class='ocrx_word' id='word_1_9' title='bbox 1025 452 1253 556; x_wconf 81' lang='grc' dir='ltr'><strong><em>φιλοκινδύνῳ</em></strong></span> 
     </span>
     <span class='ocr_line' id='line_1_4' title="bbox 238 555 1337 685; baseline -0.042 -16"><span class='ocrx_word' id='word_1_10' title='bbox 238 603 294 670; x_wconf 85' lang='grc' dir='ltr'><strong><em>καλ</em></strong></span> <span class='ocrx_word' id='word_1_11' title='bbox 308 593 440 685; x_wconf 85' lang='grc' dir='ltr'><strong><em>θρασεῖ</em></strong></span> <span class='ocrx_word' id='word_1_12' title='bbox 453 581 553 680; x_wconf 87' lang='grc' dir='ltr'><strong><em>φύσει</em></strong></span> <span class='ocrx_word' id='word_1_13' title='bbox 573 573 684 667; x_wconf 74' lang='grc' dir='ltr'><strong><em>βίαιός</em></strong></span> <span class='ocrx_word' id='word_1_14' title='bbox 700 601 751 656; x_wconf 90' lang='grc' dir='ltr'><strong><em>τις</em></strong></span> <span class='ocrx_word' id='word_1_15' title='bbox 767 579 824 642; x_wconf 81' lang='grc' dir='ltr'><strong><em>καλ</em></strong></span> <span class='ocrx_word' id='word_1_16' title='bbox 841 567 860 638; x_wconf 82' lang='grc' dir='ltr'>ὁ</span> <span class='ocrx_word' id='word_1_17' title='bbox 875 565 1030 644; x_wconf 88' lang='grc' dir='ltr'><strong><em>θάνατος</em></strong></span> <span class='ocrx_word' id='word_1_18' title='bbox 1040 564 1114 641; x_wconf 82' lang='grc' dir='ltr'><strong><em>27ε)</em></strong></span> <span class='ocrx_word' id='word_1_19' title='bbox 1136 555 1180 638; x_wconf 79' lang='grc' dir='ltr'><strong><em>ὡς</em></strong></span> <span class='ocrx_word' id='word_1_20' title='bbox 1197 563 1256 628; x_wconf 72' lang='grc' dir='ltr'><strong><em>ἐπὶ</em></strong></span> <span class='ocrx_word' id='word_1_21' title='bbox 1336 625 1337 634; x_wconf 55' lang='grc'><strong><em>,</em></strong></span> 
     </span>
     <span class='ocr_line' id='line_1_5' title="bbox 239 651 1335 773; baseline -0.047 -3"><span class='ocrx_word' id='word_1_22' title='bbox 239 699 278 773; x_wconf 85' lang='grc' dir='ltr'><strong><em>τὸ</em></strong></span> <span class='ocrx_word' id='word_1_23' title='bbox 296 697 459 767; x_wconf 85' lang='grc' dir='ltr'><strong><em>πλεῖστον,</em></strong></span> <span class='ocrx_word' id='word_1_24' title='bbox 483 679 566 762; x_wconf 88' lang='grc' dir='ltr'><strong><em>άύτη</em></strong></span> <span class='ocrx_word' id='word_1_25' title='bbox 580 674 644 770; x_wconf 84' lang='grc' dir='ltr'><strong><em>γάρ</em></strong></span> <span class='ocrx_word' id='word_1_26' title='bbox 659 671 709 756; x_wconf 72' lang='grc'><strong><em>27)</em></strong></span> <span class='ocrx_word' id='word_1_27' title='bbox 729 671 822 754; x_wconf 82' lang='grc' dir='ltr'><strong><em>ἠτῆς</em></strong></span> <span class='ocrx_word' id='word_1_28' title='bbox 839 667 970 762; x_wconf 88' lang='grc' dir='ltr'><strong><em>φύσεως</em></strong></span> <span class='ocrx_word' id='word_1_29' title='bbox 986 664 1180 753; x_wconf 80' lang='grc' dir='ltr'><strong><em>έιμαρμένη·</em></strong></span> <span class='ocrx_word' id='word_1_30' title='bbox 1203 661 1256 754; x_wconf 75' lang='grc' dir='ltr'><strong><em>τῷ</em></strong></span> <span class='ocrx_word' id='word_1_31' title='bbox 1330 651 1335 681; x_wconf 63' lang='lat'><strong><em>‘²</em></strong></span> 
     </span>
     <span class='ocr_line' id='line_1_6' title="bbox 240 757 1256 879; baseline -0.036 -15"><span class='ocrx_word' id='word_1_32' title='bbox 240 805 276 872; x_wconf 72' lang='grc' dir='ltr'><strong><em>δὲ</em></strong></span> <span class='ocrx_word' id='word_1_33' title='bbox 293 799 342 879; x_wconf 76' lang='grc'><strong><em>75)</em></strong></span> <span class='ocrx_word' id='word_1_34' title='bbox 364 781 536 875; x_wconf 79' lang='grc' dir='ltr'><em>ἀκολάστῳ</em></span> <span class='ocrx_word' id='word_1_35' title='bbox 557 771 750 871; x_wconf 82' lang='grc' dir='ltr'><strong><em>τὴνφύσιν,</em></strong></span> <span class='ocrx_word' id='word_1_36' title='bbox 770 767 810 839; x_wconf 87' lang='grc' dir='ltr'><strong><em>τό</em></strong></span> <span class='ocrx_word' id='word_1_37' title='bbox 827 795 861 838; x_wconf 86' lang='grc' dir='ltr'><strong><em>τε</em></strong></span> <span class='ocrx_word' id='word_1_38' title='bbox 878 773 912 837; x_wconf 84' lang='grc' dir='ltr'><strong><em>έν</em></strong></span> <span class='ocrx_word' id='word_1_39' title='bbox 925 765 1061 850; x_wconf 80' lang='grc' dir='ltr'><em>ἡδοναῖς</em></span> <span class='ocrx_word' id='word_1_40' title='bbox 1075 757 1256 842; x_wconf 83' lang='grc' dir='ltr'><strong><em>τοιαύταις</em></strong></span> 
     </span>
     <span class='ocr_line' id='line_1_7' title="bbox 241 862 1256 982; baseline -0.041 -8"><span class='ocrx_word' id='word_1_41' title='bbox 241 898 406 982; x_wconf 72' lang='grc' dir='ltr'><strong><em>καταζῆν,</em></strong></span> <span class='ocrx_word' id='word_1_42' title='bbox 427 882 513 958; x_wconf 84' lang='grc' dir='ltr'><strong><em>καὶὸ</em></strong></span> <span class='ocrx_word' id='word_1_43' title='bbox 527 887 592 952; x_wconf 82' lang='grc' dir='ltr'><strong><em>τῶν</em></strong></span> <span class='ocrx_word' id='word_1_44' title='bbox 606 877 758 971; x_wconf 78' lang='grc' dir='ltr'><strong><em>ἀκρατῶν</em></strong></span> <span class='ocrx_word' id='word_1_45' title='bbox 771 875 864 961; x_wconf 80' lang='grc' dir='ltr'><strong><em>βίος,</em></strong></span> <span class='ocrx_word' id='word_1_46' title='bbox 885 868 953 940; x_wconf 78' lang='grc' dir='ltr'><strong><em>ἀλλ’</em></strong></span> <span class='ocrx_word' id='word_1_47' title='bbox 967 870 994 938; x_wconf 86' lang='grc' dir='ltr'><strong><em>έέ</em></strong></span> <span class='ocrx_word' id='word_1_48' title='bbox 1005 895 1039 937; x_wconf 91' lang='grc' dir='ltr'><strong><em>τι</em></strong></span> <span class='ocrx_word' id='word_1_49' title='bbox 1048 865 1098 950; x_wconf 73' lang='grc'><strong><em>27)</em></strong></span> <span class='ocrx_word' id='word_1_50' title='bbox 1113 862 1256 934; x_wconf 86' lang='grc' dir='ltr'><strong><em>κάλλιον</em></strong></span> 
     </span>
    </p>

    <p class='ocr_par' dir='ltr' id='par_1_4' title="bbox 190 963 1256 1093">
     <span class='ocr_line' id='line_1_8' title="bbox 190 963 1256 1093; baseline -0.043 -12"><span class='ocrx_word' id='word_1_51' title='bbox 190 1009 193 1016; x_wconf 55' lang='grc'>“</span> <span class='ocrx_word' id='word_1_52' title='bbox 242 1013 276 1078; x_wconf 85' lang='grc' dir='ltr'><strong><em>έν</em></strong></span> <span class='ocrx_word' id='word_1_53' title='bbox 290 1001 378 1093; x_wconf 72' lang='grc' dir='ltr'><strong><em>άυτῷ</em></strong></span> <span class='ocrx_word' id='word_1_54' title='bbox 393 988 564 1085; x_wconf 87' lang='grc' dir='ltr'><strong><em>γενόμενον</em></strong></span> <span class='ocrx_word' id='word_1_55' title='bbox 582 983 677 1078; x_wconf 75' lang='grc' dir='ltr'><strong><em>ἐκστῇ</em></strong></span> <span class='ocrx_word' id='word_1_56' title='bbox 690 979 809 1062; x_wconf 80' lang='grc' dir='ltr'><strong><em>27)τού</em></strong></span> <span class='ocrx_word' id='word_1_57' title='bbox 820 969 1018 1068; x_wconf 85' lang='grc' dir='ltr'><strong><em>κατὰφύσιν</em></strong></span> <span class='ocrx_word' id='word_1_58' title='bbox 1030 1022 1039 1054; x_wconf 89' lang='grc'><strong><em>,</em></strong></span> <span class='ocrx_word' id='word_1_59' title='bbox 1061 971 1097 1038; x_wconf 80' lang='grc' dir='ltr'><strong><em>αἱ</em></strong></span> <span class='ocrx_word' id='word_1_60' title='bbox 1111 971 1176 1038; x_wconf 80' lang='grc' dir='ltr'><strong><em>τῶν</em></strong></span> <span class='ocrx_word' id='word_1_61' title='bbox 1189 963 1256 1036; x_wconf 81' lang='grc' dir='ltr'><strong><em>πό-</em></strong></span> 
     </span>
    </p>

    <p class='ocr_par' dir='ltr' id='par_1_5' title="bbox 137 1075 1327 1501">
     <span class='ocr_line' id='line_1_9' title="bbox 137 1075 1255 1192; baseline -0.046 -5"><span class='ocrx_word' id='word_1_62' title='bbox 137 1162 139 1166; x_wconf 91' lang='lat'>·</span> <span class='ocrx_word' id='word_1_63' title='bbox 241 1135 306 1182; x_wconf 90' lang='grc' dir='ltr'><strong><em>νων</em></strong></span> <span class='ocrx_word' id='word_1_64' title='bbox 319 1101 482 1192; x_wconf 83' lang='grc' dir='ltr'><strong><em>ύπομοναὶ</em></strong></span> <span class='ocrx_word' id='word_1_65' title='bbox 496 1092 531 1144; x_wconf 94' lang='grc'><strong><em>27</em></strong></span> <span class='ocrx_word' id='word_1_66' title='bbox 540 1092 571 1171; x_wconf 90' lang='lat' dir='ltr'><strong><em>a)</em></strong></span> <span class='ocrx_word' id='word_1_67' title='bbox 594 1092 649 1156; x_wconf 82' lang='grc' dir='ltr'><strong><em>καλ</em></strong></span> <span class='ocrx_word' id='word_1_68' title='bbox 667 1088 703 1150; x_wconf 85' lang='grc' dir='ltr'><strong><em>αἱ</em></strong></span> <span class='ocrx_word' id='word_1_69' title='bbox 720 1075 965 1157; x_wconf 76' lang='grc' dir='ltr'><strong><em>κακοπάθειαι,</em></strong></span> <span class='ocrx_word' id='word_1_70' title='bbox 986 1081 1042 1144; x_wconf 86' lang='grc' dir='ltr'><strong><em>καὶ</em></strong></span> <span class='ocrx_word' id='word_1_71' title='bbox 1063 1077 1100 1141; x_wconf 83' lang='grc' dir='ltr'><strong><em>έν.</em></strong></span> <span class='ocrx_word' id='word_1_72' title='bbox 1117 1077 1188 1152; x_wconf 86' lang='grc' dir='ltr'><strong><em>τοῖς</em></strong></span> <span class='ocrx_word' id='word_1_73' title='bbox 1203 1075 1255 1156; x_wconf 79' lang='grc'><strong><em>28)</em></strong></span> 
     </span>
     <span class='ocr_line' id='line_1_10' title="bbox 243 1173 1256 1284; baseline -0.044 0"><span class='ocrx_word' id='word_1_74' title='bbox 243 1206 408 1284; x_wconf 78' lang='grc' dir='ltr'><strong><em>τοιούτοις</em></strong></span> <span class='ocrx_word' id='word_1_75' title='bbox 430 1199 490 1266; x_wconf 82' lang='grc' dir='ltr'><strong><em>τοῦ</em></strong></span> <span class='ocrx_word' id='word_1_76' title='bbox 504 1196 580 1283; x_wconf 78' lang='grc' dir='ltr'><strong><em>βίον</em></strong></span> <span class='ocrx_word' id='word_1_77' title='bbox 595 1189 828 1278; x_wconf 81' lang='grc' dir='ltr'><strong><em>καταστροφαὶ</em></strong></span> <span class='ocrx_word' id='word_1_78' title='bbox 845 1177 944 1248; x_wconf 90' lang='grc' dir='ltr'><strong><em>πάλιν</em></strong></span> <span class='ocrx_word' id='word_1_79' title='bbox 961 1181 1024 1246; x_wconf 83' lang='grc' dir='ltr'><strong><em>έισὶ</em></strong></span> <span class='ocrx_word' id='word_1_80' title='bbox 1038 1173 1120 1245; x_wconf 80' lang='grc' dir='ltr'><strong><em>καθ’</em></strong></span> <span class='ocrx_word' id='word_1_81' title='bbox 1138 1178 1256 1267; x_wconf 82' lang='grc' dir='ltr'><strong><em>έιμαρ-</em></strong></span> 
     </span>
     <span class='ocr_line' id='line_1_11' title="bbox 243 1273 1256 1408; baseline -0.038 -26"><span class='ocrx_word' id='word_1_82' title='bbox 243 1297 360 1408; x_wconf 78' lang='grc' dir='ltr'><strong><em>μένην.Ι</em></strong></span> <span class='ocrx_word' id='word_1_83' title='bbox 394 1306 465 1373; x_wconf 82' lang='grc' dir='ltr'><strong><em>Καὶ</em></strong></span> <span class='ocrx_word' id='word_1_84' title='bbox 487 1303 556 1376; x_wconf 86' lang='grc' dir='ltr'><strong><em>τοῖς</em></strong></span> <span class='ocrx_word' id='word_1_85' title='bbox 577 1290 809 1380; x_wconf 76' lang='grc' dir='ltr'><strong><em>ἀνελευθέροις</em></strong></span> <span class='ocrx_word' id='word_1_86' title='bbox 830 1287 866 1352; x_wconf 79' lang='grc' dir='ltr'><strong><em>δέ</em></strong></span> <span class='ocrx_word' id='word_1_87' title='bbox 887 1280 947 1366; x_wconf 78' lang='grc' dir='ltr'><strong><em>τὴν</em></strong></span> <span class='ocrx_word' id='word_1_88' title='bbox 961 1277 1133 1377; x_wconf 77' lang='grc' dir='ltr'><strong><em>φύσινκαὶ</em></strong></span> <span class='ocrx_word' id='word_1_89' title='bbox 1147 1273 1256 1361; x_wconf 76' lang='grc' dir='ltr'><strong><em>ἀπλή-</em></strong></span> 
     </span>
     <span class='ocr_line' id='line_1_12' title="bbox 246 1387 1327 1501; baseline -0.047 -13"><span class='ocrx_word' id='word_1_90' title='bbox 246 1423 338 1494; x_wconf 84' lang='grc' dir='ltr'><strong><em>στοις</em></strong></span> <span class='ocrx_word' id='word_1_91' title='bbox 352 1413 425 1501; x_wconf 75' lang='grc' dir='ltr'><strong><em>περὶ</em></strong></span> <span class='ocrx_word' id='word_1_92' title='bbox 438 1405 553 1484; x_wconf 77' lang='grc' dir='ltr'><strong><em>κτῆσιν</em></strong></span> <span class='ocrx_word' id='word_1_93' title='bbox 564 1388 741 1488; x_wconf 79' lang='grc' dir='ltr'><strong><em>χρημάτων</em></strong></span> <span class='ocrx_word' id='word_1_94' title='bbox 750 1394 806 1456; x_wconf 87' lang='grc' dir='ltr'><strong><em>καὶ</em></strong></span> <span class='ocrx_word' id='word_1_95' title='bbox 820 1387 863 1456; x_wconf 86' lang='grc' dir='ltr'><strong><em>τά</em></strong></span> <span class='ocrx_word' id='word_1_96' title='bbox 875 1389 933 1469; x_wconf 81' lang='grc' dir='ltr'><strong><em>τῆς</em></strong></span> <span class='ocrx_word' id='word_1_97' title='bbox 944 1387 1139 1476; x_wconf 79' lang='grc' dir='ltr'><strong><em>έιμαρμένης</em></strong></span> <span class='ocrx_word' id='word_1_98' title='bbox 1150 1405 1257 1476; x_wconf 51' lang='lat' dir='ltr'><em>‹my-¹</em></span> <span class='ocrx_word' id='word_1_99' title='bbox 1323 1411 1327 1428; x_wconf 61' lang='grc' dir='ltr'><strong><em>ι</em></strong></span> 
     </span>
    </p>

    <p class='ocr_par' dir='ltr' id='par_1_6' title="bbox 137 1481 1337 3692">
     <span class='ocr_line' id='line_1_13' title="bbox 137 1481 1257 1602; baseline -0.037 -8"><span class='ocrx_word' id='word_1_100' title='bbox 137 1587 142 1602; x_wconf 84' lang='grc'><strong><em>,</em></strong></span> <span class='ocrx_word' id='word_1_101' title='bbox 246 1517 305 1592; x_wconf 81' lang='grc' dir='ltr'><strong><em>δά·</em></strong></span> <span class='ocrx_word' id='word_1_102' title='bbox 328 1520 361 1584; x_wconf 91' lang='grc' dir='ltr'><strong><em>έν</em></strong></span> <span class='ocrx_word' id='word_1_103' title='bbox 375 1509 519 1582; x_wconf 76' lang='grc' dir='ltr'><strong><em>ἀδικίαις</em></strong></span> <span class='ocrx_word' id='word_1_104' title='bbox 532 1498 614 1591; x_wconf 87' lang='grc' dir='ltr'><strong><em>γάρ,</em></strong></span> <span class='ocrx_word' id='word_1_105' title='bbox 636 1492 679 1576; x_wconf 83' lang='grc' dir='ltr'><strong><em>ὡς</em></strong></span> <span class='ocrx_word' id='word_1_106' title='bbox 697 1496 748 1562; x_wconf 86' lang='grc' dir='ltr'><strong><em>έπὶ</em></strong></span> <span class='ocrx_word' id='word_1_107' title='bbox 764 1489 803 1559; x_wconf 90' lang='grc' dir='ltr'><strong><em>τὸ</em></strong></span> <span class='ocrx_word' id='word_1_108' title='bbox 817 1495 969 1560; x_wconf 83' lang='grc' dir='ltr'><strong><em>πλεῖστον</em></strong></span> <span class='ocrx_word' id='word_1_109' title='bbox 984 1484 1003 1555; x_wconf 86' lang='grc' dir='ltr'>ὁ</span> <span class='ocrx_word' id='word_1_110' title='bbox 1019 1481 1257 1556; x_wconf 79' lang='grc' dir='ltr'><strong><em>τῶντοιούτων</em></strong></span> 
     </span>
     <span class='ocr_line' id='line_1_14' title="bbox 244 1585 1258 1716; baseline -0.038 -23"><span class='ocrx_word' id='word_1_111' title='bbox 244 1627 336 1716; x_wconf 77' lang='grc' dir='ltr'><strong><em>βίος,</em></strong></span> <span class='ocrx_word' id='word_1_112' title='bbox 366 1607 462 1694; x_wconf 77' lang='grc' dir='ltr'><strong><em>καὶὴ</em></strong></span> <span class='ocrx_word' id='word_1_113' title='bbox 490 1609 549 1675; x_wconf 78' lang='grc' dir='ltr'><strong><em>τοῦ</em></strong></span> <span class='ocrx_word' id='word_1_114' title='bbox 570 1605 646 1692; x_wconf 79' lang='grc' dir='ltr'><strong><em>βίον</em></strong></span> <span class='ocrx_word' id='word_1_115' title='bbox 674 1601 710 1666; x_wconf 79' lang='grc' dir='ltr'><strong><em>δὲ</em></strong></span> <span class='ocrx_word' id='word_1_116' title='bbox 738 1590 955 1686; x_wconf 84' lang='grc' dir='ltr'><strong><em>καταστροφὴ</em></strong></span> <span class='ocrx_word' id='word_1_117' title='bbox 976 1597 1046 1672; x_wconf 84' lang='grc' dir='ltr'><strong><em>τοῖς</em></strong></span> <span class='ocrx_word' id='word_1_118' title='bbox 1069 1586 1139 1658; x_wconf 77' lang='grc' dir='ltr'><strong><em>κατ’</em></strong></span> <span class='ocrx_word' id='word_1_119' title='bbox 1170 1585 1258 1657; x_wconf 84' lang='grc' dir='ltr'><strong><em>άντά</em></strong></span> 
     </span>
     <span class='ocr_line' id='line_1_15' title="bbox 247 1687 1258 1819; baseline -0.039 -21"><span class='ocrx_word' id='word_1_120' title='bbox 247 1720 449 1819; x_wconf 87' lang='grc' dir='ltr'><strong><em>πράττουσιν</em></strong></span> <span class='ocrx_word' id='word_1_121' title='bbox 464 1705 657 1783; x_wconf 79' lang='grc' dir='ltr'><strong><em>ἀκόλουθος</em></strong></span> <span class='ocrx_word' id='word_1_122' title='bbox 671 1701 729 1784; x_wconf 79' lang='grc'><strong><em>27).</em></strong></span> <span class='ocrx_word' id='word_1_123' title='bbox 775 1696 835 1770; x_wconf 86' lang='grc' dir='ltr'><strong><em>Διὸ</em></strong></span> <span class='ocrx_word' id='word_1_124' title='bbox 856 1703 912 1766; x_wconf 86' lang='grc' dir='ltr'><strong><em>καὶ</em></strong></span> <span class='ocrx_word' id='word_1_125' title='bbox 932 1697 1089 1781; x_wconf 75' lang='grc' dir='ltr'><strong><em>ἐπιλέγειν</em></strong></span> <span class='ocrx_word' id='word_1_126' title='bbox 1109 1687 1258 1770; x_wconf 85' lang='grc' dir='ltr'><strong><em>έιιύθοισι</em></strong></span> 
     </span>
     <span class='ocr_line' id='line_1_16' title="bbox 248 1796 1257 1907; baseline -0.035 -8"><span class='ocrx_word' id='word_1_127' title='bbox 248 1835 318 1907; x_wconf 84' lang='grc' dir='ltr'><strong><em>τοῖς</em></strong></span> <span class='ocrx_word' id='word_1_128' title='bbox 332 1815 517 1894; x_wconf 79' lang='grc' dir='ltr'><strong><em>τοιούτοις,</em></strong></span> <span class='ocrx_word' id='word_1_129' title='bbox 540 1804 621 1879; x_wconf 74' lang='grc' dir='ltr'><strong><em>ὅταν</em></strong></span> <span class='ocrx_word' id='word_1_130' title='bbox 636 1809 669 1874; x_wconf 81' lang='grc' dir='ltr'><strong><em>έν</em></strong></span> <span class='ocrx_word' id='word_1_131' title='bbox 686 1808 759 1883; x_wconf 85' lang='grc' dir='ltr'><strong><em>ταῖς</em></strong></span> <span class='ocrx_word' id='word_1_132' title='bbox 773 1796 981 1878; x_wconf 77' lang='grc' dir='ltr'><strong><em>ἀκολούθοις</em></strong></span> <span class='ocrx_word' id='word_1_133' title='bbox 995 1822 1030 1865; x_wconf 87' lang='grc' dir='ltr'><strong><em>τε</em></strong></span> <span class='ocrx_word' id='word_1_134' title='bbox 1043 1799 1089 1880; x_wconf 81' lang='lat'><strong><em>³⁰)</em></strong></span> <span class='ocrx_word' id='word_1_135' title='bbox 1104 1798 1164 1864; x_wconf 83' lang='grc' dir='ltr'><strong><em>τού</em></strong></span> <span class='ocrx_word' id='word_1_136' title='bbox 1180 1796 1257 1884; x_wconf 80' lang='grc' dir='ltr'><strong><em>βίον</em></strong></span> 
     </span>
     <span class='ocr_line' id='line_1_17' title="bbox 247 1889 1259 2011; baseline -0.038 -7"><span class='ocrx_word' id='word_1_137' title='bbox 247 1940 304 2004; x_wconf 79' lang='grc' dir='ltr'><strong><em>καὶ</em></strong></span> <span class='ocrx_word' id='word_1_138' title='bbox 318 1921 398 1998; x_wconf 77' lang='grc' dir='ltr'><strong><em>καθ’</em></strong></span> <span class='ocrx_word' id='word_1_139' title='bbox 419 1919 614 2011; x_wconf 79' lang='grc' dir='ltr'><strong><em>έιμαρμὲνιγν</em></strong></span> <span class='ocrx_word' id='word_1_140' title='bbox 631 1913 675 1993; x_wconf 78' lang='grc'><strong><em>72)</em></strong></span> <span class='ocrx_word' id='word_1_141' title='bbox 689 1901 919 1996; x_wconf 77' lang='grc' dir='ltr'><strong><em>περιστάσεσιν</em></strong></span> <span class='ocrx_word' id='word_1_142' title='bbox 932 1889 1014 1972; x_wconf 74' lang='grc' dir='ltr'><strong><em>ὦσιν</em></strong></span> <span class='ocrx_word' id='word_1_143' title='bbox 1021 1952 1031 1983; x_wconf 91' lang='grc'><strong><em>,</em></strong></span> <span class='ocrx_word' id='word_1_144' title='bbox 1063 1897 1118 1980; x_wconf 88' lang='grc' dir='ltr'><strong><em>ὡς.</em></strong></span> <span class='ocrx_word' id='word_1_145' title='bbox 1127 1900 1259 1980; x_wconf 78' lang='grc' dir='ltr'><strong><em>ἑαυτοῖς</em></strong></span> 
     </span>
     <span class='ocr_line' id='line_1_18' title="bbox 247 2001 1259 2127; baseline -0.038 -22"><span class='ocrx_word' id='word_1_146' title='bbox 247 2026 417 2127; x_wconf 73' lang='grc' dir='ltr'><strong><em>γεγονόσιν</em></strong></span> <span class='ocrx_word' id='word_1_147' title='bbox 432 2021 551 2098; x_wconf 81' lang='grc' dir='ltr'><strong><em>άιτίοις</em></strong></span> <span class='ocrx_word' id='word_1_148' title='bbox 572 2018 619 2098; x_wconf 80' lang='lat'><strong><em>⁵²)</em></strong></span> <span class='ocrx_word' id='word_1_149' title='bbox 634 2013 697 2080; x_wconf 80' lang='grc' dir='ltr'><strong><em>τῶν</em></strong></span> <span class='ocrx_word' id='word_1_150' title='bbox 714 2003 887 2100; x_wconf 81' lang='grc' dir='ltr'><strong><em>παρόντων</em></strong></span> <span class='ocrx_word' id='word_1_151' title='bbox 900 2001 1014 2084; x_wconf 86' lang='grc' dir='ltr'><strong><em>άυτοῖς</em></strong></span> <span class='ocrx_word' id='word_1_152' title='bbox 1026 2004 1144 2072; x_wconf 81' lang='grc' dir='ltr'><strong><em>κακῶν.</em></strong></span> <span class='ocrx_word' id='word_1_153' title='bbox 1187 2005 1259 2072; x_wconf 79' lang='grc' dir='ltr'><strong><em>Καὶ</em></strong></span> 
     </span>
     <span class='ocr_line' id='line_1_19' title="bbox 248 2103 1260 2213; baseline -0.042 -6"><span class='ocrx_word' id='word_1_154' title='bbox 248 2132 335 2208; x_wconf 75' lang='grc' dir='ltr'><strong><em>τοῦτ’</em></strong></span> <span class='ocrx_word' id='word_1_155' title='bbox 352 2130 394 2199; x_wconf 86' lang='grc' dir='ltr'><strong><em>άν</em></strong></span> <span class='ocrx_word' id='word_1_156' title='bbox 411 2153 462 2206; x_wconf 89' lang='grc' dir='ltr'><strong><em>τις</em></strong></span> <span class='ocrx_word' id='word_1_157' title='bbox 473 2119 712 2213; x_wconf 73' lang='grc' dir='ltr'><strong><em>παρίστασθαι</em></strong></span> <span class='ocrx_word' id='word_1_158' title='bbox 725 2104 925 2199; x_wconf 77' lang='grc' dir='ltr'><strong><em>βουλόμενος</em></strong></span> <span class='ocrx_word' id='word_1_159' title='bbox 942 2113 1012 2186; x_wconf 83' lang='grc' dir='ltr'><strong><em>τοῖς</em></strong></span> <span class='ocrx_word' id='word_1_160' title='bbox 1024 2103 1084 2186; x_wconf 79' lang='grc' dir='ltr'><strong><em>τὰς</em></strong></span> <span class='ocrx_word' id='word_1_161' title='bbox 1102 2106 1260 2197; x_wconf 69' lang='grc' dir='ltr'><strong><em>μαντείας</em></strong></span> 
     </span>
     <span class='ocr_line' id='line_1_20' title="bbox 249 2205 1261 2326; baseline -0.031 -18"><span class='ocrx_word' id='word_1_162' title='bbox 249 2232 539 2326; x_wconf 73' lang='grc' dir='ltr'><strong><em>ἐπαγγελλομένοις</em></strong></span> <span class='ocrx_word' id='word_1_163' title='bbox 547 2275 556 2306; x_wconf 94' lang='grc'><strong><em>,</em></strong></span> <span class='ocrx_word' id='word_1_164' title='bbox 579 2221 637 2289; x_wconf 83' lang='grc' dir='ltr'><strong><em>τού</em></strong></span> <span class='ocrx_word' id='word_1_165' title='bbox 651 2214 696 2306; x_wconf 81' lang='grc' dir='ltr'><strong><em>μὴ</em></strong></span> <span class='ocrx_word' id='word_1_166' title='bbox 711 2210 821 2284; x_wconf 92' lang='grc' dir='ltr'><strong><em>πάντα</em></strong></span> <span class='ocrx_word' id='word_1_167' title='bbox 839 2215 882 2295; x_wconf 80' lang='grc'><strong><em>77)</em></strong></span> <span class='ocrx_word' id='word_1_168' title='bbox 897 2208 1012 2290; x_wconf 84' lang='grc' dir='ltr'><strong><em>άυτοῐς</em></strong></span> <span class='ocrx_word' id='word_1_169' title='bbox 1025 2205 1261 2299; x_wconf 78' lang='grc' dir='ltr'><strong><em>ἐπιτυγχάνειν,</em></strong></span> 
     </span>
     <span class='ocr_line' id='line_1_21' title="bbox 251 2307 1262 2440; baseline -0.031 -27"><span class='ocrx_word' id='word_1_170' title='bbox 251 2347 350 2440; x_wconf 91' lang='grc' dir='ltr'><strong><em>φέροι</em></strong></span> <span class='ocrx_word' id='word_1_171' title='bbox 371 2332 416 2419; x_wconf 73' lang='grc'><strong><em>74)</em></strong></span> <span class='ocrx_word' id='word_1_172' title='bbox 438 2329 477 2399; x_wconf 88' lang='grc' dir='ltr'><strong><em>τὸ</em></strong></span> <span class='ocrx_word' id='word_1_173' title='bbox 499 2325 621 2405; x_wconf 83' lang='grc' dir='ltr'><strong><em>άίτιον,</em></strong></span> <span class='ocrx_word' id='word_1_174' title='bbox 648 2316 695 2408; x_wconf 79' lang='grc' dir='ltr'><strong><em>μὴ</em></strong></span> <span class='ocrx_word' id='word_1_175' title='bbox 711 2313 823 2387; x_wconf 82' lang='grc' dir='ltr'><strong><em>πάντα</em></strong></span> <span class='ocrx_word' id='word_1_176' title='bbox 839 2314 899 2398; x_wconf 78' lang='grc' dir='ltr'><strong><em>τὴν</em></strong></span> <span class='ocrx_word' id='word_1_177' title='bbox 916 2309 1019 2409; x_wconf 87' lang='grc' dir='ltr'><strong><em>φύσιν</em></strong></span> <span class='ocrx_word' id='word_1_178' title='bbox 1042 2307 1183 2383; x_wconf 81' lang='grc' dir='ltr'><strong><em>ἑκάστου</em></strong></span> <span class='ocrx_word' id='word_1_179' title='bbox 1204 2321 1262 2382; x_wconf 73' lang='grc' dir='ltr'><strong><em>καὶ</em></strong></span> 
     </span>
     <span class='ocr_line' id='line_1_22' title="bbox 251 2410 1260 2530; baseline -0.032 -14"><span class='ocrx_word' id='word_1_180' title='bbox 251 2444 311 2530; x_wconf 84' lang='grc' dir='ltr'><strong><em>τὴν</em></strong></span> <span class='ocrx_word' id='word_1_181' title='bbox 336 2438 530 2530; x_wconf 82' lang='grc' dir='ltr'><strong><em>έιμαρμένην</em></strong></span> <span class='ocrx_word' id='word_1_182' title='bbox 556 2428 694 2505; x_wconf 85' lang='grc' dir='ltr'><strong><em>έυοδεῖν,</em></strong></span> <span class='ocrx_word' id='word_1_183' title='bbox 735 2416 823 2489; x_wconf 86' lang='grc' dir='ltr'><strong><em>άλλά</em></strong></span> <span class='ocrx_word' id='word_1_184' title='bbox 838 2417 995 2504; x_wconf 81' lang='grc' dir='ltr'><strong><em>γίνεσθαί</em></strong></span> <span class='ocrx_word' id='word_1_185' title='bbox 1013 2410 1166 2486; x_wconf 79' lang='grc' dir='ltr'><strong><em>τινακαὶ</em></strong></span> <span class='ocrx_word' id='word_1_186' title='bbox 1183 2412 1260 2509; x_wconf 76' lang='grc' dir='ltr'><strong><em>παρ’</em></strong></span> 
     </span>
     <span class='ocr_line' id='line_1_23' title="bbox 251 2519 1289 2630; baseline -0.038 -11"><span class='ocrx_word' id='word_1_187' title='bbox 251 2545 371 2630; x_wconf 81' lang='grc' dir='ltr'><strong><em>άυτὴν,</em></strong></span> <span class='ocrx_word' id='word_1_188' title='bbox 394 2544 477 2610; x_wconf 88' lang='grc' dir='ltr'><strong><em>έῖναι</em></strong></span> <span class='ocrx_word' id='word_1_189' title='bbox 491 2538 527 2604; x_wconf 86' lang='grc' dir='ltr'><strong><em>δέ</em></strong></span> <span class='ocrx_word' id='word_1_190' title='bbox 541 2527 619 2609; x_wconf 82' lang='grc' dir='ltr'><strong><em>τοὺς</em></strong></span> <span class='ocrx_word' id='word_1_191' title='bbox 634 2522 767 2616; x_wconf 85' lang='grc' dir='ltr'><strong><em>μάντεις</em></strong></span> <span class='ocrx_word' id='word_1_192' title='bbox 782 2519 989 2613; x_wconf 52' lang='grc' dir='ltr'><strong><em>μηνυτάςέῧ)</em></strong></span> <span class='ocrx_word' id='word_1_193' title='bbox 1007 2521 1071 2588; x_wconf 81' lang='grc' dir='ltr'><strong><em>τῶν</em></strong></span> <span class='ocrx_word' id='word_1_194' title='bbox 1084 2519 1263 2609; x_wconf 75' lang='grc' dir='ltr'><strong><em>γινομένων</em></strong></span> <span class='ocrx_word' id='word_1_195' title='bbox 1285 2524 1289 2534; x_wconf 94' lang='grc'><strong>’</strong></span> 
     </span>
     <span class='ocr_line' id='line_1_24' title="bbox 251 2617 1263 2737; baseline -0.037 -13"><span class='ocrx_word' id='word_1_196' title='bbox 251 2647 333 2724; x_wconf 73' lang='grc' dir='ltr'><strong><em>καθ’</em></strong></span> <span class='ocrx_word' id='word_1_197' title='bbox 355 2643 567 2737; x_wconf 85' lang='grc' dir='ltr'><strong><em>έιμαρμένην,</em></strong></span> <span class='ocrx_word' id='word_1_198' title='bbox 600 2625 705 2721; x_wconf 75' lang='grc' dir='ltr'><strong><em>ὥσπερ</em></strong></span> <span class='ocrx_word' id='word_1_199' title='bbox 728 2624 786 2694; x_wconf 83' lang='grc' dir='ltr'><strong><em>ὀῦν</em></strong></span> <span class='ocrx_word' id='word_1_200' title='bbox 808 2631 864 2693; x_wconf 82' lang='grc' dir='ltr'><strong><em>καλ</em></strong></span> <span class='ocrx_word' id='word_1_201' title='bbox 885 2620 962 2702; x_wconf 76' lang='grc' dir='ltr'><strong><em>τούς</em></strong></span> <span class='ocrx_word' id='word_1_202' title='bbox 978 2617 1263 2718; x_wconf 83' lang='grc' dir='ltr'><strong><em>φυσιογνιέμονας.</em></strong></span> 
     </span>
     <span class='ocr_line' id='line_1_25' title="bbox 247 2721 1337 2833; baseline -0.037 -7"><span class='ocrx_word' id='word_1_203' title='bbox 247 2748 420 2828; x_wconf 84' lang='grc' dir='ltr'><strong><em>Ἒιπὸντος</em></strong></span> <span class='ocrx_word' id='word_1_204' title='bbox 440 2731 700 2833; x_wconf 73' lang='grc' dir='ltr'><strong><em>γούνΖωπύρου</em></strong></span> <span class='ocrx_word' id='word_1_205' title='bbox 728 2724 774 2812; x_wconf 85' lang='grc'><strong><em>76)</em></strong></span> <span class='ocrx_word' id='word_1_206' title='bbox 806 2730 865 2796; x_wconf 81' lang='grc' dir='ltr'><strong><em>τοῦ</em></strong></span> <span class='ocrx_word' id='word_1_207' title='bbox 894 2721 1166 2821; x_wconf 84' lang='grc' dir='ltr'><strong><em>φυσιογνάμονος</em></strong></span> <span class='ocrx_word' id='word_1_208' title='bbox 1188 2730 1263 2814; x_wconf 74' lang='grc' dir='ltr'><strong><em>περὶ</em></strong></span> <span class='ocrx_word' id='word_1_209' title='bbox 1336 2745 1337 2806; x_wconf 51' lang='lat'>3</span> 
     </span>
     <span class='ocr_line' id='line_1_26' title="bbox 253 2821 1337 2945; baseline -0.042 -18"><span class='ocrx_word' id='word_1_210' title='bbox 253 2848 459 2945; x_wconf 87' lang='grc' dir='ltr'><strong><em>Σωκράτους</em></strong></span> <span class='ocrx_word' id='word_1_211' title='bbox 469 2846 528 2914; x_wconf 82' lang='grc' dir='ltr'><strong><em>τοῦ</em></strong></span> <span class='ocrx_word' id='word_1_212' title='bbox 539 2826 851 2937; x_wconf 79' lang='grc' dir='ltr'><strong><em>φιλοσόφουάτοπά</em></strong></span> <span class='ocrx_word' id='word_1_213' title='bbox 861 2853 936 2900; x_wconf 90' lang='grc' dir='ltr'><strong><em>τινα</em></strong></span> <span class='ocrx_word' id='word_1_214' title='bbox 949 2833 1006 2896; x_wconf 78' lang='grc' dir='ltr'><strong><em>καὶ</em></strong></span> <span class='ocrx_word' id='word_1_215' title='bbox 1016 2832 1169 2896; x_wconf 87' lang='grc' dir='ltr'><strong><em>πλεῖστον</em></strong></span> <span class='ocrx_word' id='word_1_216' title='bbox 1179 2821 1264 2924; x_wconf 85' lang='grc' dir='ltr'><strong><em>άφε.</em></strong></span> <span class='ocrx_word' id='word_1_217' title='bbox 1336 2823 1337 2850; x_wconf 64' lang='lat'>¹</span> 
     </span>
     <span class='ocr_line' id='line_1_27' title="bbox 250 2928 1337 3040; baseline -0.047 -13"><span class='ocrx_word' id='word_1_218' title='bbox 250 2959 364 3030; x_wconf 80' lang='grc' dir='ltr'><strong><em>,στῶτα</em></strong></span> <span class='ocrx_word' id='word_1_219' title='bbox 378 2954 436 3035; x_wconf 80' lang='grc' dir='ltr'><strong><em>τῆς</em></strong></span> <span class='ocrx_word' id='word_1_220' title='bbox 452 2945 674 3040; x_wconf 87' lang='grc' dir='ltr'><strong><em>προαιρέσεως</em></strong></span> <span class='ocrx_word' id='word_1_221' title='bbox 694 2933 797 3006; x_wconf 81' lang='grc' dir='ltr'><strong><em>άυτοῦ</em></strong></span> <span class='ocrx_word' id='word_1_222' title='bbox 824 2935 883 3016; x_wconf 79' lang='grc' dir='ltr'><strong><em>τῆς</em></strong></span> <span class='ocrx_word' id='word_1_223' title='bbox 902 2928 990 3000; x_wconf 89' lang='grc' dir='ltr'><strong><em>κατά</em></strong></span> <span class='ocrx_word' id='word_1_224' title='bbox 1007 2928 1065 2999; x_wconf 82' lang='grc' dir='ltr'><strong><em>τὸν</em></strong></span> <span class='ocrx_word' id='word_1_225' title='bbox 1083 2932 1175 3018; x_wconf 81' lang='grc' dir='ltr'><strong><em>βίον,</em></strong></span> <span class='ocrx_word' id='word_1_226' title='bbox 1207 2938 1265 3001; x_wconf 59' lang='grc' dir='ltr'><strong><em>καὶ</em></strong></span> <span class='ocrx_word' id='word_1_227' title='bbox 1336 2971 1337 2976; x_wconf 73' lang='grc'><strong><em>,</em></strong></span> 
     </span>
     <span class='ocr_line' id='line_1_28' title="bbox 254 3030 1265 3133; baseline -0.038 0"><span class='ocrx_word' id='word_1_228' title='bbox 254 3067 308 3133; x_wconf 77' lang='grc' dir='ltr'><strong><em>ἐπὶ</em></strong></span> <span class='ocrx_word' id='word_1_229' title='bbox 320 3053 452 3133; x_wconf 88' lang='grc' dir='ltr'><strong><em>τούτοις</em></strong></span> <span class='ocrx_word' id='word_1_230' title='bbox 469 3047 533 3120; x_wconf 82' lang='grc' dir='ltr'><strong><em>ὑπὸ</em></strong></span> <span class='ocrx_word' id='word_1_231' title='bbox 547 3049 610 3115; x_wconf 81' lang='grc' dir='ltr'><strong><em>τῶν</em></strong></span> <span class='ocrx_word' id='word_1_232' title='bbox 624 3047 698 3133; x_wconf 81' lang='grc' dir='ltr'><strong><em>περὶ</em></strong></span> <span class='ocrx_word' id='word_1_233' title='bbox 709 3035 767 3108; x_wconf 82' lang='grc' dir='ltr'><strong><em>τὸν</em></strong></span> <span class='ocrx_word' id='word_1_234' title='bbox 780 3030 968 3127; x_wconf 85' lang='grc' dir='ltr'><strong><em>Σωκράτην</em></strong></span> <span class='ocrx_word' id='word_1_235' title='bbox 985 3038 1265 3124; x_wconf 68' lang='grc' dir='ltr'><strong><em>καταγελωμενου,</em></strong></span> 
     </span>
     <span class='ocr_line' id='line_1_29' title="bbox 255 3132 1266 3246; baseline -0.035 -9"><span class='ocrx_word' id='word_1_236' title='bbox 255 3163 372 3246; x_wconf 78' lang='grc' dir='ltr'><strong><em>οὐδὲν,</em></strong></span> <span class='ocrx_word' id='word_1_237' title='bbox 394 3161 480 3226; x_wconf 82' lang='grc' dir='ltr'><strong><em>έῖπεν</em></strong></span> <span class='ocrx_word' id='word_1_238' title='bbox 494 3148 514 3219; x_wconf 83' lang='grc' dir='ltr'>ὁ</span> <span class='ocrx_word' id='word_1_239' title='bbox 529 3142 730 3237; x_wconf 85' lang='grc' dir='ltr'><strong><em>Σωκράτης,</em></strong></span> <span class='ocrx_word' id='word_1_240' title='bbox 757 3141 932 3235; x_wconf 78' lang='grc' dir='ltr'><strong><em>έφευσθαι</em></strong></span> <span class='ocrx_word' id='word_1_241' title='bbox 946 3137 991 3220; x_wconf 76' lang='grc'><strong><em>77)</em></strong></span> <span class='ocrx_word' id='word_1_242' title='bbox 1012 3134 1071 3206; x_wconf 89' lang='grc' dir='ltr'><strong><em>τὸν</em></strong></span> <span class='ocrx_word' id='word_1_243' title='bbox 1087 3132 1266 3226; x_wconf 77' lang='grc' dir='ltr'><strong><em>Ζώπυρον,</em></strong></span> 
     </span>
     <span class='ocr_line' id='line_1_30' title="bbox 256 3235 1337 3358; baseline -0.031 -22"><span class='ocrx_word' id='word_1_244' title='bbox 256 3258 297 3353; x_wconf 80' lang='grc' dir='ltr'><strong><em>ἦν</em></strong></span> <span class='ocrx_word' id='word_1_245' title='bbox 317 3265 381 3358; x_wconf 86' lang='grc' dir='ltr'><strong><em>γάρ</em></strong></span> <span class='ocrx_word' id='word_1_246' title='bbox 404 3258 445 3331; x_wconf 73' lang='grc' dir='ltr'><strong><em>ἂν</em></strong></span> <span class='ocrx_word' id='word_1_247' title='bbox 465 3247 636 3332; x_wconf 80' lang='grc' dir='ltr'><strong><em>τοιοῦτος,</em></strong></span> <span class='ocrx_word' id='word_1_248' title='bbox 659 3239 738 3316; x_wconf 81' lang='grc' dir='ltr'><strong><em>ὅσον</em></strong></span> <span class='ocrx_word' id='word_1_249' title='bbox 759 3247 810 3312; x_wconf 79' lang='grc' dir='ltr'><strong><em>ἐπὶ</em></strong></span> <span class='ocrx_word' id='word_1_250' title='bbox 830 3243 870 3337; x_wconf 76' lang='grc' dir='ltr'><strong><em>τῇ</em></strong></span> <span class='ocrx_word' id='word_1_251' title='bbox 887 3235 987 3334; x_wconf 88' lang='grc' dir='ltr'><strong><em>φύσει</em></strong></span> <span class='ocrx_word' id='word_1_252' title='bbox 994 3292 1003 3323; x_wconf 93' lang='grc'><strong><em>,</em></strong></span> <span class='ocrx_word' id='word_1_253' title='bbox 1024 3243 1054 3308; x_wconf 88' lang='grc' dir='ltr'><strong><em>έι</em></strong></span> <span class='ocrx_word' id='word_1_254' title='bbox 1070 3237 1116 3330; x_wconf 82' lang='grc' dir='ltr'><strong><em>μὴ</em></strong></span> <span class='ocrx_word' id='word_1_255' title='bbox 1131 3237 1266 3325; x_wconf 77' lang='grc' dir='ltr'><strong><em>διάτὴν</em></strong></span> <span class='ocrx_word' id='word_1_256' title='bbox 1336 3237 1337 3330; x_wconf 53' lang='grc' dir='ltr'>ᾗ</span> 
     </span>
     <span class='ocr_line' id='line_1_31' title="bbox 256 3338 1337 3466; baseline -0.03 -24"><span class='ocrx_word' id='word_1_257' title='bbox 256 3375 291 3441; x_wconf 76' lang='grc' dir='ltr'><strong><em>ἐκ</em></strong></span> <span class='ocrx_word' id='word_1_258' title='bbox 305 3363 511 3466; x_wconf 81' lang='grc' dir='ltr'><strong><em>φιλοσοφίας</em></strong></span> <span class='ocrx_word' id='word_1_259' title='bbox 524 3354 664 3437; x_wconf 73' lang='grc' dir='ltr'><strong><em>ἄσκησιν</em></strong></span> <span class='ocrx_word' id='word_1_260' title='bbox 675 3347 815 3439; x_wconf 79' lang='grc' dir='ltr'><strong><em>’άμεένων</em></strong></span> <span class='ocrx_word' id='word_1_261' title='bbox 824 3346 882 3427; x_wconf 76' lang='grc' dir='ltr'><strong><em>τῆς</em></strong></span> <span class='ocrx_word' id='word_1_262' title='bbox 896 3338 1024 3437; x_wconf 88' lang='grc' dir='ltr'><strong><em>φύσεως</em></strong></span> <span class='ocrx_word' id='word_1_263' title='bbox 1039 3347 1172 3436; x_wconf 77' lang='grc' dir='ltr'><strong><em>ἐγένετο.</em></strong></span> <span class='ocrx_word' id='word_1_264' title='bbox 1193 3347 1267 3414; x_wconf 79' lang='grc' dir='ltr'><strong><em>Καὶ</em></strong></span> <span class='ocrx_word' id='word_1_265' title='bbox 1336 3347 1337 3424; x_wconf 63' lang='grc' dir='ltr'><strong><em>λ</em></strong></span> 
     </span>
     <span class='ocr_line' id='line_1_32' title="bbox 255 3443 1267 3561; baseline -0.038 -16"><span class='ocrx_word' id='word_1_266' title='bbox 255 3471 342 3556; x_wconf 83' lang='grc' dir='ltr'><strong><em>άύτη</em></strong></span> <span class='ocrx_word' id='word_1_267' title='bbox 355 3477 415 3561; x_wconf 85' lang='grc' dir='ltr'><strong><em>μέν</em></strong></span> <span class='ocrx_word' id='word_1_268' title='bbox 431 3463 452 3551; x_wconf 80' lang='grc' dir='ltr'>ἡ</span> <span class='ocrx_word' id='word_1_269' title='bbox 468 3467 542 3555; x_wconf 81' lang='grc' dir='ltr'><strong><em>περὶ</em></strong></span> <span class='ocrx_word' id='word_1_270' title='bbox 562 3461 608 3541; x_wconf 78' lang='grc'><strong><em>77)</em></strong></span> <span class='ocrx_word' id='word_1_271' title='bbox 628 3453 840 3544; x_wconf 80' lang='grc' dir='ltr'><strong><em>έιμαρμένης,</em></strong></span> <span class='ocrx_word' id='word_1_272' title='bbox 862 3443 905 3529; x_wconf 80' lang='grc' dir='ltr'><strong><em>ὡς</em></strong></span> <span class='ocrx_word' id='word_1_273' title='bbox 922 3448 957 3516; x_wconf 77' lang='grc' dir='ltr'><strong><em>έν</em></strong></span> <span class='ocrx_word' id='word_1_274' title='bbox 970 3448 1138 3542; x_wconf 78' lang='grc' dir='ltr'><strong><em>κεφαλαίῳ</em></strong></span> <span class='ocrx_word' id='word_1_275' title='bbox 1156 3449 1203 3534; x_wconf 77' lang='grc'><strong><em>79)</em></strong></span> <span class='ocrx_word' id='word_1_276' title='bbox 1220 3450 1267 3518; x_wconf 76' lang='grc' dir='ltr'><strong><em>ἐι.</em></strong></span> 
     </span>
     <span class='ocr_line' id='line_1_33' title="bbox 258 3544 1077 3659; baseline -0.041 -12"><span class='ocrx_word' id='word_1_277' title='bbox 258 3581 360 3659; x_wconf 88' lang='grc' dir='ltr'><strong><em>πεῖν,,</em></strong></span> <span class='ocrx_word' id='word_1_278' title='bbox 381 3567 468 3641; x_wconf 87' lang='grc' dir='ltr'><strong><em>κατά</em></strong></span> <span class='ocrx_word' id='word_1_279' title='bbox 481 3563 559 3644; x_wconf 84' lang='grc' dir='ltr'><strong><em>τούς</em></strong></span> <span class='ocrx_word' id='word_1_280' title='bbox 573 3556 640 3631; x_wconf 78' lang='grc' dir='ltr'><strong><em>ἀπὸ</em></strong></span> <span class='ocrx_word' id='word_1_281' title='bbox 654 3559 714 3626; x_wconf 81' lang='grc' dir='ltr'><strong><em>τοῦ</em></strong></span> <span class='ocrx_word' id='word_1_282' title='bbox 727 3547 909 3654; x_wconf 79' lang='grc' dir='ltr'><strong><em>περιπάτου</em></strong></span> <span class='ocrx_word' id='word_1_283' title='bbox 922 3546 1004 3633; x_wconf 82' lang='grc' dir='ltr'><strong><em>δόξα</em></strong></span> <span class='ocrx_word' id='word_1_284' title='bbox 1019 3544 1077 3632; x_wconf 78' lang='lat'><strong><em>⁴⁰).</em></strong></span> 
     </span>
    </p>
   </div>
   <div class='ocr_carea' id='block_1_4' title="bbox 258 3737 1337 3976">
    <p class='ocr_par' dir='ltr' id='par_1_7' title="bbox 258 3737 1337 3976">
     <span class='ocr_line' id='line_1_34' title="bbox 317 3737 1337 3854; baseline -0.027 -5"><span class='ocrx_word' id='word_1_285' title='bbox 317 3775 368 3849; x_wconf 85' lang='lat' dir='ltr'><strong><em>‘H</em></strong></span> <span class='ocrx_word' id='word_1_286' title='bbox 384 3781 420 3846; x_wconf 82' lang='grc' dir='ltr'><strong><em>δέ</em></strong></span> <span class='ocrx_word' id='word_1_287' title='bbox 446 3765 630 3849; x_wconf 79' lang='grc' dir='ltr'><strong><em>κατασκευὴ</em></strong></span> <span class='ocrx_word' id='word_1_288' title='bbox 650 3765 714 3833; x_wconf 79' lang='grc' dir='ltr'><strong><em>τάν</em></strong></span> <span class='ocrx_word' id='word_1_289' title='bbox 735 3747 907 3854; x_wconf 85' lang='grc' dir='ltr'><strong><em>έιρημένων</em></strong></span> <span class='ocrx_word' id='word_1_290' title='bbox 927 3737 1023 3824; x_wconf 79' lang='grc' dir='ltr'><strong><em>έσται</em></strong></span> <span class='ocrx_word' id='word_1_291' title='bbox 1036 3759 1267 3848; x_wconf 86' lang='grc' dir='ltr'><strong><em>φανερωτέρα,</em></strong></span> <span class='ocrx_word' id='word_1_292' title='bbox 1336 3739 1337 3750; x_wconf 34' lang='lat'><em>³</em></span> 
     </span>
     <span class='ocr_line' id='line_1_35' title="bbox 258 3859 1268 3976; baseline -0.03 -21"><span class='ocrx_word' id='word_1_293' title='bbox 258 3883 515 3976; x_wconf 84' lang='grc' dir='ltr'><strong><em>παρατιθέντων</em></strong></span> <span class='ocrx_word' id='word_1_294' title='bbox 537 3868 626 3958; x_wconf 78' lang='grc' dir='ltr'><strong><em>ἡμῶν</em></strong></span> <span class='ocrx_word' id='word_1_295' title='bbox 651 3873 724 3945; x_wconf 84' lang='grc' dir='ltr'><strong><em>ταῖς</em></strong></span> <span class='ocrx_word' id='word_1_296' title='bbox 742 3862 1004 3958; x_wconf 83' lang='grc' dir='ltr'><strong><em>προηγουμέναις</em></strong></span> <span class='ocrx_word' id='word_1_297' title='bbox 1028 3859 1091 3926; x_wconf 77' lang='grc' dir='ltr'><strong><em>τῶν</em></strong></span> <span class='ocrx_word' id='word_1_298' title='bbox 1114 3863 1268 3946; x_wconf 81' lang='grc' dir='ltr'><strong><em>κειμένων</em></strong></span> 
     </span>
    </p>
   </div>
   <div class='ocr_carea' id='block_1_5' title="bbox 0 0 1373 4508">
    <p class='ocr_par' dir='ltr' id='par_1_8' title="bbox 0 0 1373 4508">
     <span class='ocr_line' id='line_1_36' title="bbox 0 0 1373 4508; baseline 0 0"><span class='ocrx_word' id='word_1_299' title='bbox 0 0 1373 4508; x_wconf 95' lang='lat' dir='ltr'><strong><em> </em></strong></span> 
     </span>
    </p>
   </div>
  </div>
 </body>
</html>
