2748 4514
1011 283 1292 421 ¹111

560 493 713 560 XXXV.

195 599 261 662 Sed
283 619 325 662 ue
350 597 434 660 illam
460 595 582 677 quidem
617 600 919 681 argumentationem
942 600 1139 677 omittamus,

128 724 194 785 qua
214 702 263 766 illi
286 699 401 764 confisi
429 697 547 780 aliquit
577 720 611 762 se
635 702 727 782 ‚quod
756 704 795 764 ad
821 724 888 764 rem
917 703 957 766 sit
986 705 1145 768 conficere

133 825 230 888 posse
253 802 446 866 existunant.
491 799 545 863 Sic
577 801 657 864 enim
691 801 794 866 aiunt:
833 805 910 867 Non
937 819 1044 887 potest
1076 829 1146 870 esse
1254 852 1258 861 -

132 908 195 970 tale
216 907 352 982 Fatum,
388 903 462 986 quin
486 902 528 965 sit
551 902 644 966 etiam
660 903 850 981 Decretum,
889 929 948 970 nec
968 909 1144 974 Decretum

130 1010 194 1074 nisi
207 1021 240 1072 et
259 1030 356 1084 sors,
381 1028 440 1070 nec
457 1027 548 1081 sors,
572 1006 677 1068 nisiet
695 1008 789 1072 sortis
809 1009 1008 1088 distributio,
1032 1033 1091 1076 nec
1110 1035 1147 1078 ea

133 1112 193 1176 uisi
218 1111 315 1174 etiam
335 1110 377 1174 sit
404 1111 479 1185 lex,
518 1129 577 1172 nec
604 1109 657 1174 tex
683 1110 742 1174 nisi
770 1111 812 1174 sit
841 1124 928 1176 recta
955 1114 1039 1179 ratio
1065 1137 1174 1199 quae·
1284 1109 1286 1114 ’

132 1214 311 1298 praecipiat
338 1234 419 1297 quae
448 1223 520 1275 sunt
547 1211 708 1289 facienda,
753 1215 922 1296 probibeat
954 1239 1033 1282 vero
1064 1240 1145 1302 quae

134 1317 379 1384 nonfacienda.
424 1315 487 1380 Sed
510 1315 720 1397 prohibentur
741 1318 871 1394 delicta,
909 1320 1149 1403 praecipiuntur
1192 1323 1195 1331 '

135 1431 227 1484 recte
247 1421 343 1484 lacta.
388 1420 463 1483 Non
476 1418 575 1504 igitur
592 1430 640 1482 est
658 1421 720 1482 tale
735 1421 866 1498 Fatum,
891 1423 951 1486 uisi
973 1423 1065 1488 etiam
1086 1424 1150 1490 sint

134 1535 318 1608 pcccatatet
332 1533 420 1586 recte
437 1522 538 1603 facta3
556 1524 613 1584 sed
628 1522 654 1586 si
672 1523 732 1586 sint
748 1538 879 1605 peccata
900 1539 931 1589 et
949 1539 1036 1590 recte
1060 1527 1147 1592 facta

131 1626 298 1712 sequitur,
329 1647 398 1690 esse
419 1624 603 1700 virtutem,¹
622 1647 691 1688 esse
714 1625 841 1704 vitium,
874 1632 961 1711 quod
989 1629 1016 1694 si
1041 1631 1144 1696 virtus

136 1743 186 1794 est
210 1741 244 1794 et
275 1728 404 1805 vitium,
442 1740 491 1791 est
523 1727 640 1811 aliquid
665 1730 857 1806 honestum,
892 1731 1012 1814 aliquid
1035 1745 1146 1815 turpe.

138 1835 241 1916 Quod
263 1843 367 1895 autem
387 1834 575 1907 honestum,
600 1830 772 1906 laudabile:
808 1836 896 1915 quod
919 1846 1036 1916 turpe,
1061 1822 1147 1899 ritu-

137 1935 298 2020 perabile.
341 1936 415 2000 Non
440 1956 520 2020 ergo
543 1933 685 2016 sequitur
713 1934 740 1997 si
760 1935 823 1998 tale
847 1935 889 1999 sit
913 1937 1047 2014 Fatum,
1071 1938 1151 2004 nibil

139 2061 213 2104 esse
227 2037 385 2102 laudabile
404 2050 457 2102 aut
479 2037 700 2118 vituperabile.
739 2038 846 2121 Atqui
867 2038 1035 2104 laudabilia
1053 2040 1149 2126 digna

140 2141 307 2227 praemio,
332 2140 552 2224 vituperabilia
573 2141 730 2222 supplicio
753 2141 867 2227 digna:
902 2143 1009 2224 Quare
1023 2166 1150 2210 marsum

141 2268 209 2311 uon
231 2245 395 2328 sequitur,
433 2245 469 2307 si
485 2245 548 2306 tale
569 2244 683 2306 Fatum
708 2244 766 2322 sit,
801 2247 886 2309 nulla
913 2247 987 2311 sore
1010 2248 1151 2330 praemia

142 2361 199 2412 aut
226 2347 393 2430 supplicia.
450 2349 497 2410 At
524 2359 572 2410 est
595 2347 768 2429 praemium
797 2349 931 2412 honoris
965 2351 1148 2428 attributio,

142 2472 250 2534 poena
271 2471 351 2514 vero
372 2450 560 2514 emendatio.
618 2452 694 2513 Non
717 2473 797 2535 ergo
826 2451 968 2534 sequitur
989 2452 1017 2515 si
1038 2453 1153 2517 Fatum

144 2555 186 2620 sit
207 2555 291 2630 tale,
314 2553 431 2618 nullam
451 2554 524 2617 sore
545 2553 677 2616 honoris
711 2553 946 2620 attributionem
973 2555 1152 2639 nullamque
1183 2613 1186 2620 .

144 2656 407 2722 emendationem.
425 2656 522 2737 Quod
528 2656 639 2720 sihaec
650 2656 694 2720 ita
706 2677 740 2718 se
753 2657 882 2732 habent,
899 2655 972 2718 hinc
983 2657 1151 2740 consequi-

84 2775 88 2783 ·
145 2773 212 2836 tur,
235 2760 296 2823 etsi
313 2759 394 2824 Fato
408 2759 485 2824 fiant
506 2779 586 2842 quae
605 2759 709 2835 fiunt,
733 2781 802 2824 esse
817 2771 920 2823 tamen
939 2771 1027 2824 recte
1046 2760 1148 2838 sacta,

148 2861 365 2939 esse-delicta,
387 2884 459 2926 esse
468 2863 575 2926 laudes
595 2875 626 2925 et
641 2862 908 2944 vituperationes,
932 2883 1001 2926 esse
1015 2865 1154 2946 praemia

145 2979 181 3032 et
197 2987 331 3052 poenas,
355 2987 423 3032 esse
440 2967 600 3032 honorum
618 2964 837 3036 attributiones
853 2975 884 3030 et
908 2967 1154 3035 emendationes.

571 3174 742 3240 XXXVI.

218 3278 266 3340 At
282 3276 364 3340 enim
388 3277 416 3342 si
436 3279 497 3342 ista
517 3277 623 3341 dicere
646 3299 664 3340 a
686 3278 780 3342 rebus
803 3276 1075 3342 circumstantibus
1099 3295 1155 3340 co·

153 3392 288 3466 guntur,
311 3379 396 3466 digni
413 3391 486 3444 sunt
503 3381 615 3464 quibus
632 3380 837 3465 ignoscatur:
860 3400 962 3462 neque
981 3401 1039 3442 uos
1056 3400 1155 3461 opor-

154 3496 201 3548 tet
222 3482 375 3548 sollicitos
392 3503 462 3548 esse
485 3485 524 3546 de
543 3483 581 3546 iis
599 3504 678 3567 quae
700 3482 746 3548 illi
764 3505 806 3546 ex
823 3482 1006 3547 necessitate
1029 3482 1156 3558 dicunt,

156 3607 259 3670 neque
279 3585 351 3649 illos
384 3587 423 3648 de
446 3585 483 3650 iis
509 3585 563 3669 qui
584 3589 623 3650 ab
644 3586 720 3669 ipsis
743 3586 938 3650 dissentanea
967 3585 1155 3660 defendunt,

147 3688 409 3774 quandoquidem
433 3700 466 3752 et
492 3710 598 3752 eartim
616 3709 696 3772 quae
718 3687 846 3764 dicunt,
889 3701 921 3752 et
945 3710 1056 3754 eorum
1078 3708 1158 3772 quae

157 3793 312 3866 sentum,
347 3813 441 3856 causa
468 3804 516 3854 est
548 3790 596 3856 vis
627 3811 733 3854 rernm
756 3791 1060 3858 circumstantium:
1098 3811 1156 3854 uec

155 3894 323 3960 ascumdi
345 3907 417 3960 sunt
445 3895 634 3980 quateret
660 3894 707 3958 sio
734 3895 925 3979 loqmmtur,
961 3915 1032 3960 cum
1053 3905 1087 3958 ut
1102 3892 1157 3984 ..sic
