2748 4514
1102 327 1142 389 tt

125 495 214 550 stare
234 471 333 566 sunni
356 495 481 565 potest,
517 495 553 550 ut
573 471 649 564 niliil
670 478 736 552 sine
757 475 851 554 'causa
873 490 949 568 flat,
981 505 1011 566 et
1033 507 1135 558 tamen

129 609 180 652 res
200 587 248 652 sic
271 597 433 672 agantur,
457 585 538 649 sicut
559 608 618 650 nos
641 589 783 654 dicimus.
827 594 910 665 Nam
931 594 958 659 si
974 597 1137 676 ¹abstinea-

118 711 197 752 mus
218 703 366 753 catenam
389 689 473 751 illam
495 709 669 753 cansarum
680 704 806 754 nectere
828 706 860 756 et
882 695 986 760 dicere
1007 697 1062 761 uhi
1082 699 1135 762 iila

129 792 231 876 prima
250 791 492 908 processerint,
530 791 709 856 necessario
738 794 828 909 sequi
850 817 887 860 ca
909 821 1018 885 quae
1013 822 1055 863 ex
1075 801 1136 864 illis

130 906 165 958 ut
184 895 289 959 causis
310 893 385 958 ficri
407 906 555 977 oportet,
593 907 741 980 tanquam
762 896 794 959 in
823 912 933 981 suapte
963 904 1144 983 substantia,

127 997 193 1063 rim
212 998 301 1062 illam
323 995 477 1060 efficiendi
499 997 748 1077 continentibus,
772 1003 828 1065 sed
849 1022 890 1064 ex
909 1001 947 1066 iis
962 1019 1045 1088 quae
1057 1007 1137 1070 fiunt

125 1113 160 1190 et
179 1100 366 1186 posteriora
387 1112 477 1178 sunt,
516 1122 626 1164 causas
649 1123 759 1166 cortun
780 1105 959 1177 studeamus
980 1110 1132 1184 reddere,

123 1216 297 1288 praeterea
322 1214 359 1267 nt
384 1201 459 1266 illos
488 1224 674 1287 quaeramus
703 1225 828 1283 causas,
874 1229 954 1292 quae
991 1210 1136 1276 dominae

123 1317 202 1370 stunt
236 1325 367 1384 eorum,
412 1327 494 1390 quae
525 1328 545 1370 a
571 1328 607 1370 se
634 1307 731 1385 finnt,
776 1309 995 1374 videbimus'
986 1333 1048 1382 tam
1075 1335 1137 1379 nee

125 1409 297 1494 qrricqurm
326 1429 437 1472 eorum
467 1431 546 1493 quae
578 1409 675 1487 fiunt,
710 1411 777 1474 sine
808 1412 902 1476 causa
930 1414 1001 1480 fieri
1029 1439 1135 1502 neque

123 1523 303 1597 propterea
324 1532 368 1575 ex
395 1512 593 1577 necessitate
610 1525 643 1576 et
668 1514 756 1578 fatali
784 1533 931 1580 connexu
951 1517 1023 1582 fieri
1051 1543 1133 1604 quae

123 1615 205 1679 finnt
234 1613 356 1678 omnia.
419 1616 496 1679 Non
524 1616 606 1692 enim
633 1617 813 1682 necessario
836 1617 1070 1702 Sophroniscus
1093 1645 1134 1690 eo

124 1721 214 1801 quod
250 1729 318 1794 est,
367 1718 461 1782 etiarn
488 1730 580 1801 pater
607 1731 673 1796 est,
713 1733 745 1782 et
777 1741 874 1804 causa
899 1723 1029 1788 alicuius
1059 1739 1137 1808 post

122 1821 243 1904 ipsum.
287 1821 335 1884 At
356 1819 385 1884 si
403 1841 532 1898 neccsse
553 1820 616 1892 fuit
636 1843 705 1885 esse
721 1823 907 1901 Socratem,
932 1825 994 1888 iam
1017 1848 1059 1898 ex
1079 1849 1135 1892 ne·

123 1924 274 1989 cessitate
296 1924 534 2006 Sophroniscus
556 1945 650 1988 causa
672 1925 702 1989 ei
722 1937 770 1989 est
791 1947 849 1989 eur
869 1927 1012 2018 exsistat.
1047 1931 1135 1994 Sicut
1231 1933 1237 1948 '

125 2028 232 2106 eninr,
262 2048 329 2092 non
351 2026 426 2110 quia
446 2027 681 2092 fundamentum
703 2041 769 2106 est,
802 2051 931 2104 neeesse
953 2045 1001 2095 est
1023 2046 1055 2097 ct
1076 2037 1134 2098 do·

122 2153 211 2194 sunm
229 2151 327 2207 esse,
365 2133 423 2193 sed
443 2130 471 2212 si
493 2133 604 2194 domus
626 2131 684 2209 sit,
721 2133 850 2198 omnino
871 2155 1000 2204 necesse
1022 2148 1070 2200 cst
1090 2138 1136 2202 ia-

123 2244 215 2296 etum
236 2254 307 2298 esse
327 2233 580 2310 fundamentum,
617 2234 662 2298 ita
690 2234 783 2298 etiam
806 2236 1045 2302 existimandum
1068 2253 1132 2318 est,

124 2335 160 2400 iu
182 2335 229 2400 eis
251 2357 331 2418 qnae
352 2347 466 2400 nanus
486 2337 583 2413 fitmt,
608 2357 718 2400 causas
739 2359 774 2405 se
795 2341 913 2403 habere
927 2343 1132 2420 necessarias,

125 2461 194 2504 non
216 2441 305 2522 quod
324 2439 385 2502 illis
407 2439 516 2522 primis
537 2439 650 2522 positis
672 2441 852 2506 necessario
868 2443 909 2532 sit
923 2464 1132 2529 consequens,

125 2541 254 2606 stillas
277 2541 453 2626 aliquarum
479 2563 586 2606 rerum
614 2543 676 2607 sint
707 2565 843 2620 causae,
869 2535 938 2607 ¹sed
965 2551 1053 2630 quod
1078 2548 1134 2612 nbi

125 2643 310 2729 posteriora
341 2665 495 2723 evenere,
536 2645 714 2711 necessario
744 2647 879 2716 habeant
906 2668 978 2710 suas
1011 2671 1135 2719 causas.

126 2749 211 2812 Sunt
231 2748 314 2812 enim
337 2750 489 2833 quaedam
510 2742 621 2813 eorum
642 2771 723 2833 quae
743 2749 825 2813 fiunt'
844 2749 998 2815 eiusmodi
1011 2764 1046 2815 ut
1061 2774 1135 2816 cau·
1163 2779 1173 2796 ¹

125 2873 194 2916 saur
223 2852 351 2936 quidem
378 2853 531 2930 habeant,
575 2875 641 2917 non
679 2864 782 2915 tamen
813 2852 978 2936 propriam
1006 2855 1075 2938 sibi*
1095 2879 1134 2920 ac

125 2955 357 3040 principalem,
387 2958 444 3018 sed
464 2968 499 3020 ut
519 2953 579 3020 rios
601 2955 690 3040 loqui
711 2956 870 3034 solemus,
894 2977 954 3040 per
976 2958 1135 3023 accessio·

126 3079 213 3124 nem.
257 3060 342 3123 Nam
374 3060 539 3123 thesaurus
571 3059 717 3122 inventus
747 3061 787 3122 ab
820 3081 859 3124 eo
892 3061 946 3144 qui
975 3061 1135 3144 plantandi
1185 3057 1187 3061 ’

129 3183 227 3226 cansa
245 3158 410 3238 fodiebat}
447 3162 543 3226 habet
564 3162 688 3248 quidem
709 3160 787 3224 illud
807 3164 921 3228 fodere
942 3185 1004 3245 pro
1027 3185 1133 3240 causa,

130 3267 274 3330 sednon
295 3267 452 3349 propria,
489 3287 549 3330 nec
570 3287 651 3352 quae
671 3278 707 3328 ut
727 3265 806 3332 illud
826 3267 932 3341 fieret,
958 3266 1135 3331 destinaba-

128 3371 195 3432 tur'.
239 3369 331 3450 Quae
355 3367 435 3432 enim
456 3370 588 3452 proprie
610 3381 682 3433 stmt
704 3389 833 3445 causac,
871 3379 924 3430 aut
951 3379 1071 3432 tantum
1095 3391 1135 3433 ex
1217 3453 1219 3458 Ι

127 3471 312 3536 necessitate
335 3484 455 3556 agunt,
479 3485 513 3535 ut
534 3472 594 3536 illis
615 3473 741 3556 placet,
767 3484 820 3535 aut
841 3481 926 3534 certe
948 3471 1134 3558 plerumque

128 3587 375 3660 consequentem
389 3577 507 3642 habent
520 3576 611 3638 aliam
626 3595 768 3640 cansam:
792 3587 823 3638 at
845 3594 933 3662 quae
946 3561 1016 3659 per'¹
1026 3597 1132 3640 acces-

126 3678 247 3744 sionem
263 3699 378 3742 causae
392 3689 474 3754 sunt,
499 3699 536 3742 ea
549 3700 625 3743 raro
640 3679 748 3742 taliurn
762 3690 834 3741 sunt
856 3699 961 3742 causa.
986 3678 1092 3758 Quare
1106 3680 1136 3741 si

128 3785 166 3846 ad
179 3804 253 3846 eum
267 3783 442 3866 loquuntur
456 3784 595 3859 modurn,
619 3782 712 3846 simul
726 3781 830 3844 dicere
848 3793 982 3865 possunt
1003 3793 1035 3844 et
1056 3781 1132 3844 nihil

128 3885 193 3952 sine
215 3906 314 3952 cerua
334 3883 405 3950 fieri
426 3897 457 3950 et
478 3873 581 3960 tamen
602 3887 753 3969 quaedam
781 3884 851 3950 fieri
881 3886 969 3950 forte
1001 3885 1130 3950 fortuna
