2694 4508
264 567 536 668 χ’ἀναιρουμένου
555 581 589 642 δὲ
606 573 648 654 ὡς
663 578 797 663 ἐδείχθη
813 566 872 641 606
885 570 1144 659 βουλεύσασθαι
1155 569 1226 640 κατ’

218 677 359 758 ἀυτοίις,
381 676 566 771 ἀναιρεῖται
588 686 644 748 καὶ
666 675 706 744 τδ
723 673 772 771 ἐφ’
796 673 873 766 ἡμῖν
893 672 1074 767 προδήλως.
1121 678 1229 744 Τοῦτο

217 780 282 872 γάρ
303 779 352 875 ε’ᾳί
372 778 450 870 ἡμῖν
470 779 589 861 πάντες
617 776 691 849 ὅσοι
719 780 765 868 μὴ
794 782 890 848 δέσεί
912 782 1230 872 τινιπαρίστοίνται,

217 880 565 1006 παρειλήφασινέϊναι,
577 882 617 953 66
632 879 690 966 ¹)
672 890 837 1005 ημεῖςμίν
842 889 895 950 καί
904 884 1165 975 τοῦπραχθῆναι
1174 902 1230 963 καὶ

216 989 278 1054 τοῦ
297 986 342 1076 μὴ
364 992 562 1080 πραχθῆναι
585 982 711 1078 κύριοι,
744 985 804 1078 οὐχ
828 983 976 1076 ἑπόμενοί
998 1009 1085 1055 τισιν
1102 986 1231 1068 ἔξωθεν

216 1086 303 1178 ἡμᾶς
320 1095 513 1182 περιστᾶσιν
532 1087 670 1174 ἀιτίοις,
692 1087 769 1159 οὐδὲ
784 1085 996 1168 ἐνδιδόντες
977 1086 1098 1168 αυτούς
1112 1077 1230 1182 Ῑε’),ᾗ

216 1190 318 1275 (ἀν)’
302 1203 405 1262 εκεῑνα
421 1190 485 1286 ἀγγ
500 1195 539 1275 ²).
561 1189 671 1260 K666‘
652 1219 674 1274 ιγ
692 1194 883 1317 προαίρεσις
904 1217 942 1259 το
930 1189 1076 1260 ίδιον’
1057 1202 1152 1282 εργον
1165 1192 1230 1258 τῶν

217 1292 407 1412 ἀνθρώπων
417 1301 490 1385 περὶ
501 1291 614 1362 τάυτό.
633 1292 730 1362 Ἡ
691 1320 755 1404 γαρ
768 1298 820 1372 ’ἐπι
808 1299 999 1385 προκριδὲ
985 1297 1117 1361 6666
1076 1303 1134 1376 της
1147 1297 1230 1418 βου·

217 1496 403 1584 ἀναγκαίως
423 1467 607 1586 γινομένοις
627 1493 648 1580 ἡ
669 1499 876 1591 προαίρεσις,
920 1495 995 1566 ὀίτε
1016 1499 1067 1566 666
1091 1505 1162 1577 τοῖς
1181 1507 1231 1588 μὴ

217 1599 403 1688 ἀναγκαίως
416 1607 500 1688 μὲν,Ι
515 1605 543 1668 66
553 1600 598 1690 μὴ
614 1599 653 1670 δι’
667 1597 756 1690 ἡμῶν
770 1605 798 1684 3)
807 1653 816 1683 ,
838 1599 906 1668 ἀλλ’
925 1599 999 1669 οὐδὲ
1014 1604 1048 1668 ἐν
1060 1603 1143 1668 πᾶσι
1158 1609 1233 1682 τοῖς

217 1700 256 1772 δί
276 1701 384 1792 ἡμῶν,
407 1702 475 1774 666²
497 1709 530 1773 ἐν
550 1700 682 1784 τούτοις
703 1711 773 1784 τοῖς
790 1709 973 1794 γινομένοις
990 1701 1029 1772 δι’
1053 1701 1160 1792 ἡμῶν,
1185 1696 1234 1772 ὧν

217 1803 310 1930 ημεῖς
325 1811 383 1875 606
398 1804 531 1928 πράξαι
536 1815 592 1876 καὶ
607 1812 666 1876 606
680 1837 725 1898 μη
712 1808 871 1901 πρᾶξαι
878 1805 985 1900 κύριοι
1004 1811 1107 1896 ἐσμέν
1116 1799 1180 1889 4).·
1190 1803 1232 1876 0

216 1909 284 2034 γάρ
295 1905 541 2038 βουλευόμενος
562 1914 635 2004 περί
655 1937 761 1994 τινος,
789 1910 865 1992 ἤτοι
886 1917 959 2035 περὶ
980 1915 1039 1978 606
1061 1907 1165 1978 δεῖν
1145 1909 1231 1980 αυτὸ

216 2012 389 2105 προίττειν,
410 2014 432 2097 ἢ
451 2013 496 2102 μί
518 2012 674 2105 πράττειν
694 2011 947 2138 βσυίειίεται,’
925 2043 946 2096 η
972 2010 1208 2096 σπουδάζων
1185 2041 1230 2095 ως

218 2123 290 2206 περὶ
305 2114 450 2203 ἀγαθῶν
463 2141 513 2197 τι,
541 2120 632 2198 ζητεῖ
642 2108 745 2184 δίων
759 2113 800 2220 ἀν
817 2113 991 2185 τούτων’
954 2135 1067 2206 τυχοι
1089 2115 1151 2208 κάν
1168 2126 1229 2205 μὲν

218 2214 369 2311 ἀδυνάτῳ
380 2225 445 2286 τινὶ
459 2211 650 2315 ζητῶντάχη
667 2222 717 2301 ⁵),
740 2222 799 2288 τοῦ
795 2249 838 2318 μ
839 2227 873 2287 ἐν
888 2217 1074 2307 ἀφίσταται
1086 2216 1167 2303 6),’
1147 2224 1228 2314 αιμί·

218 2330 392 2388 σταται
357 2317 431 2388 δ
414 2324 535 2409 ομοίως
556 2325 695 2390 καὶτῶν
717 2303 917 2411 δυνατῶνμὲ
919 2349 953 2404 ν,
990 2320 1049 2390 οὐκ
1068 2321 1170 2392 ὄντων
1191 2328 1227 2392 δὲ

217 2419 263 2491 ἐπ
279 2421 385 2518 ἀυτῶ,
381 2421 544 2514 με’νειδὲ
559 2425 620 2506 ⁷)
605 2444 637 2494 εν
651 2429 690 2521 τῆ
704 2433 777 2519 περι
787 2452 846 2493 του
857 2451 1070 2519 προκειμενου
1085 2423 1227 2511 ζητήσει,

217 2530 276 2606 ἕως
290 2524 331 2595 ἀν
342 2496 455 2626 ίντιίχγ
467 2537 546 2612 τινὶ,
561 2525 602 2597 66
612 2527 671 2610 τὴν
685 2532 834 2612 ἐξουσίαν
848 2527 950 2610 ἀυτὸς
964 2532 1047 2619 ἔχειν
1056 2533 1227 2600 πεπίστευ-

216 2657 293 2714 ται,
316 2628 395 2720 μεθ’
413 2627 433 2698 6
449 2629 659 2720 παυσάμενος
671 2633 730 2700 606
747 2629 973 2719 βουλεύεσθαι
991 2631 1034 2713 ὡς
1051 2632 1228 2722 ἀναγαγὼν

217 2732 276 2816 τὴν
290 2732 424 2818 ζήτησιν
439 2732 488 2830 ἐφ’
502 2733 602 2815 ἀυτὸ,
618 2730 734 2803 δίστὶν
745 2733 829 2827 ἀρχὴ
840 2739 904 2804 τῶν
914 2733 1068 2828 πράξεων,
1090 2735 1235 2827 ἀρχεται,

129 2917 134 2930 μ
216 2839 274 2918 τῆς
288 2836 371 2929 πρὸς
382 2836 421 2905 τὸ
438 2841 667 2932 πρσςκείμενον
681 2836 835 2931 πράξεως.
868 2843 1048 2908 Γίνεταιδὲ
1066 2847 1120 2907 καί
1137 2837 1157 2924 ἡ
1174 2838 1229 2924 ζιγ

216 2963 311 3023 τησις
322 2936 412 3036 ἀντῷ
429 2938 472 3020 ὡς
487 2944 635 3024 ἐξουσίαν
649 2943 755 3031 ἔχοντι
771 2945 829 3010 τοῦ
840 2940 996 3033 πράττειν
1013 2949 1068 3010 καὶ
1080 2940 1122 3011 τά
1137 2943 1228 3013 6666

216 3046 362 3134 κείμενα·
377 3041 458 3112 καθ’
473 3049 612 3113 ἕκαστον
626 3044 691 3136 γὰρ
702 3047 767 3113 τῶν
777 3042 841 3112 ὑπὸ
856 3043 914 3128 τὴν
928 3044 1079 3132 βουλὴνὴ
1095 3044 1229 3131 ζήτησις

217 3150 443 3238 βουλευομένῳ
461 3147 601 3234 γίνεται,
629 3144 768 3240 πότερον
778 3151 894 3231 τοῦτο,
915 3145 937 3230 ἢ
953 3147 990 3216 τὸ
1008 3147 1229 3239 ἀντικείμενον

216 3248 307 3345 ἀντῷ
339 3254 502 3342 πρακτέον
525 3275 604 3336 μοι,
641 3248 703 3341 κάν
724 3247 833 3318 πάντα
861 3255 937 3346 λέγῃ
961 3253 1118 3338 γίνεσθαι
1143 3251 1226 3322 καθ’

218 3355 431 3446 ἕτμαρμένην·
454 3355 571 3441 ἐλέγχει
588 3349 651 3442 γάρ
667 3349 691 3434 ἡ
702 3356 735 3420 ἕν
746 3359 815 3432 τοῖς
830 3360 989 3445 πρακτοῖς
1003 3351 1159 3438 ἀλήθεια
1166 3355 1229 3436 ’τὰς

218 3463 292 3546 περὶ
303 3453 411 3525 ἀυτῶν
425 3454 657 3549 ἡμαρτημένας
672 3452 778 3538 δόξας.
799 3451 867 3525 Ἢν
881 3453 1006 3540 πλάνην
1016 3455 1230 3537 κοινῶςποίνὲ

219 3583 280 3638 τας
294 3555 503 3651 ἀνθρώπους
515 3557 579 3628 ὑπὸ
594 3562 652 3642 τῆς
663 3557 791 3652 φύσεως
807 3563 1062 3643 πεπλανῆσθαι,
1084 3563 1152 3640 πῶς
1167 3560 1229 3631 ⁰666

220 3661 344 3731 ἀτοπον
360 3666 480 3748 λέγεινς
504 3657 629 3754 ὅτιγὰρ
644 3659 766 3746 ταύτην
777 3665 858 3751 ἔχειν
872 3662 931 3744 τὴν
945 3665 1093 3744 ἐξουσίαν
1109 3668 1142 3732 ἐν
1156 3673 1228 3744 τοῖς

220 3772 381 3860 πρακτοῖς
405 3763 668 3858 προειλήφαμεν,
706 3762 748 3846 ὡς
770 3763 941 3834 δύνασθαι
960 3770 1171 3858 διαιρεῖσθαι
1187 3767 1227 3836 τὸ

125 3893 127 3899 ·
220 3867 459 3956 ἀντικείμενον,
493 3869 610 3956 καὶμὴ
630 3873 695 3938 πᾶν
714 3868 731 3938 6
751 3867 942 3960 ἀιρούμεδα
958 3870 1038 3957 ἕγειν
1055 3896 1226 3960 προκατα-
