2694 4508
1033 318 1124 384 '29

93 475 181 543 fieri
201 487 236 542 et
257 498 326 542 nou
348 475 436 556 fieri,
471 477 558 562 quod
578 487 611 544 et
633 481 729 546 voees
750 479 822 548 illae
850 469 1131 572 utrocumque
1231 531 1240 547 .

95 603 176 646 res
198 581 427 661 ceciderit,
454 584 635 672 ostendunt.
677 584 725 650 At
746 607 825 652 vero
848 609 928 672 quae
949 609 991 653 ex
1010 611 1124 656 neces-

95 687 203 750 sitate
225 685 327 762 liunt,
360 705 397 748 ea
417 707 482 748 non
503 697 636 767 possunt
658 707 723 752 uon
744 687 829 754 fierit
871 691 997 757 Vocem
1020 683 1129 758 autem*

98 788 285 856 necessarii
306 809 372 852 non
393 787 446 852 hic
466 809 588 870 usurpo
610 791 650 853 de
665 789 727 866 iis,
756 814 837 876 quiae
857 814 918 876 per
939 794 1128 864 violentiam

98 893 203 970 fiunt,
226 912 291 955 nec
312 891 479 986 quisquam
499 889 544 954 ita
564 893 629 956 hoc
648 913 763 960 nomen
778 895 922 978 accipere
937 899 1044 977 dehet,
1067 901 1128 968 sed

100 999 149 1060 de
179 995 220 1060 iis
253 1015 336 1078 quae
364 993 551 1059 naturaliter
578 996 618 1058 ab
648 996 804 1080 aliquibus
825 997 937 1086 ¹liunt,
971 985 1128 1085 ,quorum

100 1087 333 1182 contraposita
360 1096 432 1161 fieri
458 1109 630 1181 nequeunt.
674 1100 719 1163 Et
747 1103 910 1188 quomodo
938 1115 1003 1166 non
1026 1106 1124 1169 abso-

101 1225 189 1271 num
218 1201 261 1266 sit
286 1212 317 1266 et
344 1211 459 1266 contra
486 1199 533 1264 rei
560 1200 748 1269 evidentiam
776 1203 858 1271 velle
880 1223 920 1268 eo
941 1226 1042 1289 rusque
1063 1225 1123 1270 ne.

103 1305 293 1371 cessitatem
324 1306 520 1380 extendere,
562 1315 598 1370 nt
625 1303 712 1370 nulla
743 1305 843 1372 motio
872 1305 993 1372 dicatur
1025 1307 1127 1386 fieri,·.

107 1409 235 1474 nullum
255 1410 432 1472 membrtun
463 1405 608 1486 moveri,
646 1409 741 1492 (quae
773 1408 874 1476 motio
894 1411 1035 1493 potuerit
1051 1431 1127 1478 uon,
1227 1465 1229 1470 ,

103 1513 183 1582 fieri
203 1515 269 1578 hoc
289 1509 323 1576 in
337 1509 491 1593 temporis
508 1509 642 1580 articqu
654 1512 680 1592 ,)
701 1513 758 1576 sed
773 1511 1031 1597 qualemcumque
1047 1513 1125 1580 colli

104 1615 379 1692 conversionem,
403 1623 456 1678 aut
476 1612 692 1679 extensionem
713 1613 820 1700 digiti,
846 1627 900 1680 aut
912 1615 1126 1684 elevationem.

106 1721 365 1806 palpebrarum,
390 1716 469 1782 etsi
491 1725 647 1800 quaeunt
667 1715 717 1780 his
738 1716 870 1796 similia,
904 1718 1058 1803 consequi
1078 1740 1127 1786 ex

107 1824 213 1890 eaesis
237 1819 449 1906 antegressis,
480 1817 612 1887 anobis
638 1830 741 1882 autem
761 1831 875 1885 nostro
897 1820 1029 1885 arbitrio
1050 1819 1125 1887 fleri

107 1947 275 2014 nunquam
295 1922 417 2008 posse?
454 1923 499 1990 Et
519 1923 599 1986 haec
619 1923 662 1986 ab
682 1920 720 1986 iis
742 1920 906 2000 dicuntum,
937 1922 992 2007 qui
1013 1922 1150 1990 vident‘1

106 2029 141 2098 in
161 2031 212 2096 his
236 2049 319 2114 quae
338 2037 413 2091 sunt
438 2025 600 2110 fiuntque,
636 2022 815 2090 muneras
842 2045 912 2090 esse
940 2047 1049 2092 renum
1071 2025 1124 2092 di-.

78 2162 84 2173 ·
107 2133 302 2208 versitates,
340 2130 424 2193 uude
444 2139 605 2212 promtum
626 2127 668 2192 sit
688 2127 809 2192 discere
830 2149 897 2194 uon
918 2127 1023 2194 omnia
1042 2130 1121 2194 sub·

108 2236 217 2300 iacere
245 2235 364 2298 talibus
395 2231 510 2295 eamn.
567 2229 720 2295 Videmus
752 2231 872 2296 scilicet
900 2253 1012 2298 eorum
1040 2255 1121 2317 quae
1205 2217 1208 2224 ⁴

111 2339 256 2403 eximant
290 2336 479 2420 quibusdam
510 2333 627 2397 nullam
658 2353 728 2398 esse
759 2335 824 2398 vim
854 2335 993 2400 mutandi
1024 2357 1059 2398 se
1086 2335 1144 2400 iu·

109 2455 230 2506 statum
246 2441 276 2504 ei
296 2440 329 2504 in
352 2459 419 2522 quo
440 2459 475 2500 se
495 2439 613 2502 habent
634 2437 838 2516 contrarium,
866 2437 925 2503 alia
947 2457 1027 2501 vero
1050 2459 1120 2502 esse

109 2566 194 2630 quae
222 2565 290 2609 non
319 2541 422 2606 nunus
452 2541 536 2604 hamc
567 2561 660 2624 quam
688 2541 821 2604 alterum
841 2552 956 2629 statum
976 2540 1120 2623 recipere

110 2659 264 2732 possunt.
288 2643 379 2730 Ignis
400 2643 482 2708 enim
504 2663 618 2726 capere
639 2664 704 2709 non
720 2653 832 2726 potest
851 2643 954 2728 trigas
975 2654 1011 2706 ut
1032 2646 1120 2727 quod

109 2751 215 2818 calori
237 2759 419 2833 repugnet,
454 2747 509 2832 qui
536 2747 627 2814 calor
652 2748 776 2825 nativus
798 2761 846 2814 est
865 2744 948 2834 ignis
969 2746 1119 2830 proprie-

109 2867 174 2922 tas.
223 2853 289 2918 Sed
310 2871 413 2934 ueque
435 2850 491 2914 nin
513 2850 652 2917 calorem
665 2851 813 2934 recipiat,
838 2855 911 2918 darm
924 2852 981 2918 nix
1000 2866 1119 2920 manet.

110 2959 160 3024 Aa
183 2978 286 3044 aqua,
331 2964 368 3018 ut
390 2953 524 3018 maxime
544 2953 663 3038 frigida
683 2953 745 3035 sit,
779 2959 844 3020 riou
865 2957 936 3022 talis
957 2969 1006 3021 cst
1025 2970 1127 3039 natu·‚

109 3083 187 3140 rae,
226 3071 263 3124 ut
292 3069 428 3142 nequeat
454 3069 508 3122 aut
533 3056 637 3141 frigus
664 3057 826 3137 amittere,
853 3072 907 3124 aut
928 3059 1119 3126 contrariam

110 3165 143 3230 ei
170 3162 374 3249 qualitatem,
412 3160 446 3225 id
471 3171 520 3226 est
548 3159 688 3226 calorem
714 3162 878 3246 recipere:
922 3163 976 3226 Sic
995 3173 1028 3226 et
1046 3161 1120 3226 fieri

110 3279 240 3354 potest,
278 3277 315 3330 ut
336 3263 392 3350 qui
411 3266 519 3343 sedet,
554 3275 639 3330 stare
659 3263 809 3348 incipiat,
842 3277 876 3329 et
896 3265 949 3348 qui
970 3272 1127 3329 movetur.

108 3371 334 3456 requiescere,
371 3379 404 3431 et
431 3367 486 3452 qui
512 3369 619 3446 fatur,
660 3379 780 3432 tacere.
844 3367 952 3451 Atque
980 3366 1053 3432 ideo
1084 3366 1126 3432 in.

108 3475 218 3542 multis
255 3473 354 3538 rebus
386 3470 453 3534 alils
485 3471 623 3555 reperiet
654 3471 724 3556 quis
759 3470 940 3536 facultatem
975 3467 1125 3554 capiendi.

108 3575 270 3644 onumen
293 3577 333 3638 de
355 3573 535 3658 contrariis.
578 3571 661 3640 Cum
682 3593 764 3638 uero
785 3593 822 3638 ea
843 3563 923 3657 qu'ae
936 3573 1126 3638 necessario„

106 3694 183 3750 sunt
215 3679 250 3746 in
283 3689 377 3762 parte
409 3677 507 3740 altera
535 3676 825 3759 contrapositorum
852 3677 1031 3742 facultatem
1052 3696 1117 3739 non

107 3787 248 3854 haheaut
266 3779 411 3866 capiendi
428 3780 621 3847 contrariatur
635 3779 702 3844 eim
715 3778 747 3844 in
766 3800 832 3864 quo
847 3802 889 3844 se
909 3781 1043 3860 ment,
1066 3797 1121 3840 se·.

107 3889 218 3974 punse
229 3897 267 3954 ut
279 3905 348 3952 non
359 3883 422 3949 sint
438 3881 618 3950 neoeasario
635 3903 684 3960 ea,
702 3903 783 3966 quae
795 3903 829 3950 es
842 3881 1035 3950 scunarium
1051 3877 1116 3946 eius
