2694 4508
1079 299 1127 398 ss'

104 497 219 562 veritas
238 492 309 560 vim
325 493 427 557 habet
440 503 473 556 et
490 513 531 559 ex
544 493 638 558 rebus
652 493 730 578 ipsis
748 495 876 561 evidens
893 498 1119 566 testimonium.

105 599 240 680 Quodsi
254 597 321 662 ista
333 616 418 680 quae
425 594 476 660 isti
486 594 605 672 dicum,
620 597 760 689 cumsint
771 601 856 678 talia,
870 622 938 666 eam
950 600 1013 664 vim
1025 613 1119 685 atque

106 701 332 767 anctoritatem
356 709 613 782 consequantur,
637 711 672 762 ut
694 699 737 764 eis
755 707 883 768 credant
906 725 1037 782 omnes,
1062 726 1121 770 nos

106 804 219 868 nullius
234 802 286 866 rei
298 821 371 864 esse
383 795 539 878 dominos,
554 801 769 868 sed‘trahinos
781 807 904 870 erebus
916 806 1121 872 circumstan-

107 908 211 984 tibus,
247 906 295 970 ita
317 915 354 968 ut
378 904 418 968 ab
436 902 480 966 eis
505 902 668 970 vincamur
690 925 791 989 eaque
816 913 1051 990 approbemus,
1091 922 1124 978 et

109 1029 239 1096 agamus
268 1029 308 1072 ea
338 1027 421 1090 quae
442 1005 583 1091 agimus,
619 1007 693 1091 quia
717 1008 847 1074 omnino
861 1011 916 1076 ‘sic
936 1033 1031 1098 agere
1054 1025 1123 1078 erat

108 1133 252 1178 necesse.
297 1109 445 1192 (Quippe
466 1131 537 1172 cum
555 1108 626 1172 fieri
638 1132 704 1176 non
721 1113 825 1195 possit
845 1125 880 1176 ut
900 1114 991 1178 aliter
1008 1137 1122 1201 agere-

107 1237 178 1279 mus
199 1213 270 1278 istis
284 1215 386 1278 rebus
407 1232 466 1277 uos
485 1212 758 1278 circumstantibus
780 1229 954 1301 contraque
975 1217 1036 1282 alia
1057 1241 1122 1282 non

108 1317 236 1403 agimus
254 1315 348 1392 ideo,
375 1311 463 1398 quod
481 1315 627 1392 resistere
648 1337 837 1402 nequeamus
853 1319 989 1398 talibus,
1014 1322 1122 1405 quales

30 1469 38 1494 .
109 1429 204 1496 sunt,
241 1421 339 1483 rebus
373 1418 492 1482 ciram
520 1439 579 1484 nos
604 1421 731 1501 positis)
760 1421 949 1515 quideliud
978 1424 1121 1502 eveniet,

111 1545 206 1608 qnam
224 1534 259 1586 ut
280 1542 395 1586 omnes
415 1520 556 1585 homines
577 1535 713 1606 propter
725 1527 807 1590 hanc
823 1527 1062 1608 persuasionem
1084 1549 1122 1592 ea

110 1637 224 1692 cuncta
244 1646 330 1710 quae
352 1647 425 1690 curn
445 1624 556 1690 labore
578 1649 718 1710 curaque
734 1628 832 1705 liunt,
856 1630 964 1694 vhlete
981 1630 1121 1708 iubeant,
1160 1633 1165 1642 '

110 1729 147 1796 iis
165 1741 272 1794 uitem
286 1727 473 1812 praeferant
493 1727 589 1792 vitam
609 1729 733 1794 facilem
749 1743 780 1794 et
802 1731 1021 1815 voluptatibus
1043 1754 1122 1798 con·
1174 1791 1176 1794 .

51 1835 57 1846 '
110 1833 270 1910 iunctam,
309 1830 403 1915 quis,
442 1851 514 1896 cum
544 1853 582 1895 ea
605 1843 726 1898 tantum
752 1846 904 1898 eventius
925 1833 1004 1909 sint,
1042 1855 1123 1917 quae

112 1935 297 2002 necessario
318 1933 485 2010 evenient,
508 1933 585 1998 nihil
604 1933 667 2020 ipsi
687 1933 765 2000 honi
781 1957 822 1998 ex
835 1934 928 2002 bonis
947 1935 1124 2000 actionibus

111 2039 172 2106 sint
191 2037 407 2124 reportaturi.
451 2035 534 2102 Cum
559 2037 707 2124 sicergo
734 2037 840 2102 affecti
864 2049 957 2102 erunt
981 2037 1126 2105 homiues

112 2153 145 2210 et
160 2155 249 2210 aenis
272 2150 369 2206 erunt
390 2139 551 2208 sententiis
569 2153 782 2226 congruentes
805 2141 937 2226 (quippe
958 2163 1000 2206 ex
1014 2162 1125 2207 eorum
1160 2195 1165 2204 ,

113 2245 221 2314 fallaci
252 2243 407 2328 opinione
435 2265 501 2308 non
530 2243 621 2308 aliter
660 2263 696 2308 se
733 2265 786 2308 res
811 2245 930 2310 habere
955 2243 1124 2329 poterunt,

115 2369 212 2432 wana
229 2368 264 2412 se
287 2349 427 2427 habent)
450 2345 526 2430 quid
543 2345 627 2412 aliud
647 2346 720 2412 inde
742 2359 912 2433 exsurget,
936 2369 1030 2431 quam
1055 2369 1125 2412 om-

113 2450 200 2518 nium
216 2471 325 2514 rerum
339 2452 545 2515 honestarum
561 2453 645 2534 apud
659 2459 769 2514 omnes
787 2450 972 2536 neglectus,
1001 2449 1125 2532 (talium

113 2554 197 2624 euim
215 2566 249 2618 et
266 2553 397 2636 adeptio
418 2563 449 2616 et
464 2552 667 2618 conservatio
681 2552 794 2617 labore
813 2555 970 2632 constat,)
1000 2564 1031 2618 et
1047 2573 1126 2616 con-

114 2669 165 2724 tra
185 2655 364 2740 propensio
388 2658 428 2720 ad
444 2677 562 2738 prava,
585 2667 621 2720 ut
638 2676 719 2740 quae
731 2653 825 2718 facile
848 2666 985 2738 agantur
1004 2666 1035 2717 et
1056 2675 1127 2718 cuin

114 2759 309 2843 voluptate?
350 2760 405 2824 Ad
428 2759 597 2844 quosquis
625 2778 694 2822 esse
721 2755 841 2840 poterit
869 2779 974 2822 sermo
1001 2757 1128 2824 illorum

115 2885 255 2949 quorum
273 2862 326 2927 isti
343 2861 462 2926 inducti
477 2861 601 2944 placitis
620 2864 660 2924 ad
680 2859 755 2922 talia
773 2860 954 2924 devenere?
977 2862 1126 2944 Respon-

115 2969 236 3032 debant
261 2965 346 3030 enim
369 2963 431 3030 illis
456 2963 552 3048 iiqui
572 2965 818 3041 accusabantur,
841 2985 907 3030 non
927 2965 1069 3048 potuisse
1091 2986 1125 3027 se

116 3071 199 3136 aliud
209 3068 383 3153 quidquam
397 3089 494 3152 agere
510 3068 626 3134 talibus
643 3068 740 3132 rebus
759 3087 794 3132 se
815 3067 1101 3134 circumstantibus:
1120 3110 1129 3151 ς

121 3173 297 3254 Quomodo
328 3192 386 3238 eos
417 3172 486 3236 iure
520 3173 771 3255 reprehendant,
812 3171 869 3256 qui
896 3171 940 3238 eis
965 3189 1024 3253 per
1054 3170 1129 3238 talia

119 3275 234 3358 placita
254 3278 296 3340 ad
315 3273 412 3338 talem
437 3275 533 3340 vitam
550 3274 693 3362 magistri
713 3274 831 3342 fuere?
860 3275 931 3339 Iino
950 3291 1052 3356 neque
1066 3275 1128 3338 ob·

121 3379 342 3466 purgationes,
377 3399 480 3463 neque
508 3378 752 3464 castigationes,
793 3397 895 3460 neque
924 3376 1129 3456 exhortatio,

120 3505 221 3570 seque
244 3485 379 3559 laudes,
401 3503 462 3548 nee
482 3481 651 3566 quiequam
671 3481 720 3546 his
741 3481 841 3546 simile
859 3479 1023 3562 propriam
1040 3503 1129 3546 snam

120 3591 201 3674 apud
222 3609 282 3654 eos
296 3597 442 3654 neutram
457 3583 602 3652 obtinere
619 3596 765 3669 possunt.
810 3585 874 3648 Sed
895 3585 1010 3650 hortun
1035 3583 1129 3650 etiam

119 3695 269 3776 quodque
285 3683 363 3764 ,liet
395 3709 437 3754 ex
465 3689 650 3756 necessitate
686 3687 768 3754 sicut
802 3687 855 3754 illa
887 3709 984 3772 super
1015 3685 1131 3772 quibus

120 3795 209 3862 liunt.
270 3793 447 3876 Quomodo
477 3793 558 3860 enirn
584 3791 703 3858 Priami
734 3789 816 3856 lilius
845 3791 1032 3858 Alexander
1064 3789 1134 3852 eul-

124 3900 269 3982 pabitur‚
321 3907 356 3960 ut
397 3896 451 3978 qui
478 3896 638 3979 peccarit,
684 3917 754 3958 crim
791 3895 945 3960 Helenam
980 3889 1135 3976 raperet?
