2748 4514
1082 311 1122 398 ⁷³

110 505 182 548 esse
203 505 270 546 neo
291 479 393 567 magis
414 503 509 565 posse
530 481 736 568 lieri,'qn's1n
757 481 931 570 ist-aliquid
944 483 1066 550 oriatur
1080 507 1126 550 en

113 609 152 652 eo
174 589 269 670 qnod
290 605 357 649 uon
378 585 429 648 sit.
474 585 562 648 Talis
582 599 684 652 etitem
706 611 776 650 cnm
797 585 838 652 sit
859 589 950 652 huus
973 589 1124 654 Universi

113 689 328 776 gubernatio,
351 683 476 752 eam·'ex
488 688 643 754 immenso
654 701 799 772 tempore
812 691 844 754 in
856 692 1040 758 imniensum
1055 691 1121 758 effiss·

115 793 232 856 caritot·
266 804 299 854 et
332 790 593 858 indeclinabiliter
622 796 811 875 proceriore.
869 795 953 860 Cuin
980 817 1060 860 vero
1081 797 1123 860 sit

114 896 217 980 aliquo
239 895 278 974 iq
296 894 399 958 carnis
427 894 609 972 diversitas,
644 898 728 975 (narn
755 899 938 962 nubemilli
959 921 1122 967 carnarum

114 999 210 1063 citant
232 997 559 1082 distinguuntqne‘ita
578 1010 614 1061 ut
635 999 710 1064 alius
731 997 840 1065 cernas
856 1015 972 1066 vocent
985 1003 1124 1084 primos·

114 1102 229 1179 sudes,
255 1101 334 1164 alias
358 1101 557 1178 adiuvantes,
574 1100 655 1164 valiis
677 1102 869 1181 individuas,
895 1105 969 1168 alias
985 1105 1121 1170 efficien-

112 1205 189 1270 tiam
209 1205 244 1268 in
267 1227 304 1268 se
328 1205 540 1280 continentes,
566 1204 649 1269 alias
663 1205 725 1270 alio
746 1207 890 1283 nomine,
918 1217 1019 1292 neque
1042 1193 1123 1290 enim

111 1329 247 1373 neeesse
280 1319 331 1372 est
365 1313 545 1372 sermonem
571 1309 761 1390 protrahere
793 1310 897 1374 omnia
928 1312 1121 1388 referendo,

113 1434 189 1475 euin
208 1410 413 1494 propositum
443 1410 537 1476 uobis
564 1412 605 1475 sit
634 1415 799 1477 ostendere
827 1425 1011 1496 praetextus
1035 1437 1124 1499 quos
1214 1461 1217 1470 ,

111 1517 232 1580 habent
248 1517 305 1578 sui
327 1517 365 1576 de
387 1515 469 1578 Fato
491 1515 598 1598 placiti
607 1515 630 1595 ε)
653 1536 724 1578 etun
742 1515 871 1601 inquam
893 1518 1123 1586 diversimod'ee

109 1619 173 1698 sint
186 1611 332 1696 ·cousse,
346 1639 397 1681 -ex
418 1639 520 1703 aequo
541 1631 645 1682 tamen
668 1620 707 1680 de
729 1613 872 1682 omnibus
885 1620 947 1684 illis
960 1620 1025 1684 hoo
1039 1621 1125 1686 aiunt

110 1743 244 1799 mim,
268 1720 343 1785 fieri
363 1721 510 1805 nequire,
532 1733 568 1784 nt
589 1721 699 1788 iisdem
719 1722 814 1784 rebus
837 1722 1120 1800 ouotunstontibus,
1180 1769 1182 1774 -
1244 1693 1248 1706 ¹

109 1837 177 1890 tum
200 1825 294 1890 eit-oa
315 1847 456 1901 eausam,
479 1837 546 1888 tum
568 1825 652 1887 cuca
672 1823 722 1900 id,
753 1827 841 1908 quod
861 1845 903 1888 ex
924 1847 1017 1892 cansa
1034 1827 1120 1920 linit,

110 1929 288 2014 aliqnando
311 1940 429 1991 eertum
451 1928 567 2012 aliquid
587 1928 677 2004 fiat,
698 1926 866 2010 aliquando
893 1929 928 1990 id
954 1951 1019 1992 non
1047 1930 1120 2005 liat,
1191 1931 1193 1936 '
1290 1972 1293 1980 .

110 2045 165 2096 aut
185 2033 236 2096 sie
259 2043 315 2094 ant
336 2031 427 2094 aliter
447 2029 514 2093 liat.
559 2033 641 2100 Nam
662 2032 695 2094 id
715 2030 743 2094 si
762 2022 870 2109 lieret,
893 2044 961 2096 ttnn
980 2033 1120 2098 futuram

111 2135 251 2219 aliquam
280 2134 349 2197 sine
376 2155 471 2198 eausa
497 2133 681 2198 motionem.
747 2135 860 2198 Fatum
889 2148 992 2200 autern
1020 2137 1123 2220 ipsunt

112 2251 146 2302 et
173 2251 321 2302 natum
354 2249 385 2300 et
413 2237 567 2301 rationem
595 2258 654 2320 per
681 2259 773 2320 quem
806 2251 958 2323 regantur
990 2253 1123 2317 mureto,

113 2342 223 2406 Deam
244 2361 313 2404 esse
343 2341 473 2417 dieunt,
512 2359 593 2424 quae
621 2340 661 2404 sit
691 2340 723 2403 iii
756 2341 903 2405 omnihus
937 2364 1017 2426 quse
1053 2353 1126 2408 suist

89 2507 97 2525 ,
113 2465 265 2529 quaeque
283 2443 364 2506 liunt
386 2454 418 2506 et
439 2444 485 2506 sio
501 2455 608 2506 utanu·
621 2444 754 2526 propria
775 2446 925 2528 cuiusque
946 2446 994 2509 rei
1014 2457 1125 2510 nutura

112 2550 154 2610 ad
183 2547 285 2612 tutius
321 2565 460 2610 summae
494 2547 767 2631 gubernationem.
832 2548 923 2610 Haec
949 2549 1051 2633 igitur
1076 2563 1124 2612 est

112 2650 260 2716 breviter
280 2650 444 2734 loquendo
466 2649 575 2730 opinio
597 2653 636 2714 de
657 2649 740 2714 Fato
763 2651 803 2714 ab
823 2649 889 2714 illis
907 2651 1080 2717 exstructa.

177 2962 317 3028 Falsitss
343 2965 446 3026 antem
470 2983 581 3028 eorum
600 2953 682 3044 quae
700 2960 827 3040 dieunt,
851 2985 915 3028 non
941 2965 1047 3029 multis
1068 2987 1124 3030 ex·

115 3067 271 3130 trinsecus
298 3065 407 3128 verbis
438 3064 700 3150 argumentisque·
727 3065 865 3150 indiget,
912 3072 967 3132 sed
998 3089 1056 3150 per
1090 3090 1123 3132 se

116 3179 215 3250 potet.
259 3169 354 3248 Quae
386 3167 467 3232 uim
496 3167 650 3231 refutatio
675 3186 784 3232 eorum
815 3171 957 3252 apertior
980 3169 1073 3254 quain
1100 3172 1127 3234 si

116 3291 157 3334 es
173 3287 238 3336 non
259 3269 452 3336 conveniunt
473 3271 570 3333 rebus
596 3273 634 3333 de
652 3271 765 3363 quibus
782 3272 983 3358 loqntmtnr?
1030 3274 1126 3354 Quod

117 3373 200 3438 enim
223 3374 362 3457 pronum
395 3369 522 3450 dicunt,
557 3389 628 3436 oum
656 3371 687 3438 in
717 3377 871 3440 omnibus*
889 3377 983 3440 rebus
1014 3390 1130 3442 sanson

118 3477 240 3561 aliquae
251 3477 424 3552 exsistant,
449 3476 510 3538 alia
519 3489 631 3558 postea
649 3475 798 3562 subsequi
815 3463 923 3544 et'hoo
937 3482 1033 3545 modo
1048 3502 1128 3546 oon-

117 3581 207 3644 ssrtis
233 3581 319 3644 inter
351 3599 385 3642 se
409 3581 504 3642 rebus
530 3591 678 3664 tanquam
703 3594 811 3644 eatena
832 3584 964 3665 quadam
988 3587 1126 3666 pendere

118 3687 253 3748 secunda
277 3681 445 3764 oprimis,
469 3681 500 3745 in
523 3705 587 3765 qno
605 3684 704 3766 ipsam
727 3684 920 3748 constituunt
941 3687 1012 3750 Fati
1033 3699 1125 3749 natu-

117 3807 206 3864 ram,
255 3805 351 3871 quam
386 3784 588 3872 apertissime¹
609 3791 703 3864 rebus
724 3785 953 3870 'disconveniff
990 3791 1071 3874 Nam
1100 3791 1126 3852 si

118 3889 258 3956 tiliorum
283 3898 485 3971 patres-sunt
506 3907 618 3965 renisa,
645 3889 674 3952 e't
698 3889 738 3953 es
759 3873 1004 3975 proprietitibns
1028 3912 1124 3975 quae-
