2790 4512
1084 319 1146 386 l88

134 495 218 562 Nam
238 499 310 562 hoc
330 495 403 579 ipso
427 493 528 562 maios·
551 517 622 558 enm
647 506 807 578 pccrncnet
832 496 1020 570 necessitas.
1056 497 1143 579 qnod

132 617 200 668 noe
222 613 310 666 esset
335 598 385 664 sui
411 597 511 677 iniis,
548 601 605 664 sed
632 599 688 664 tali
711 599 849 664 ferretne
871 595 970 662 hein
1001 597 1056 683 qni
1083 619 1142 662 nec

133 703 336 770 volunta-ius
373 712 487 782 esset„
514 723 575 766 nee
605 704 647 767 ela
679 721 773 766 cansa
805 701 908 788 aliqua
937 704 1140 786 procederet.

133 809 218 873 Nam
246 805 281 872 id
306 809 396 892 <nied
421 807 569 872 volumus
594 805 730 870 animum
755 804 929 870 commovit
953 805 1021 870 sivo
1057 803 1142 868 intns

135 911 202 976 sive
223 923 338 987 extra,
369 920 423 974 ant
445 909 479 973 id
503 912 591 994 qnod
610 909 771 992 cupimus,
806 919 860 974 ant
880 908 908 972 si
928 907 1005 972 nihil
1019 929 1140 1000 leonum

135 1035 216 1098 qnae
239 1015 419 1097 expetimus
443 1012 504 1078 fuit
524 1016 612 1097 qnod
632 1022 851 1078 commoveret
876 1011 1028 1086 animum,
1052 1023 1144 1080 certe·

135 1117 336 1182 commoveri
352 1137 416 1182 non
437 1116 553 1200 pontit.
599 1117 697 1197 Quod
710 1112 830 1178 sifiunt
847 1114 950 1180 omnia
966 1133 1008 1178 ex
1023 1112 1142 1187 causis.⁴
1180 1178 1184 1187 ,
1260 1099 1263 1107 ’

134 1219 302 1302 proximas
330 1219 452 1284 effectis
474 1221 570 1284 rebus
592 1220 685 1283 facile
706 1230 754 1284 est
778 1218 938 1294 invenire,
973 1219 1066 1282 etad
1087 1237 1141 1280 eas
1162 1203 1171 1228 '

135 1323 270 1388 effectus
295 1322 383 1406 ipsos
406 1323 575 1408 redigeret
609 1335 685 1406 pota
712 1323 815 1386 eundo
838 1321 871 1386 in
892 1324 1018 1397 fortun,
1053 1319 1141 1404 quod

135 1447 218 1508 opus
242 1426 305 1491 fnit
335 1426 443 1490 videre
471 1427 627 1510 aliquem,
666 1437 720 1490 ant
744 1426 882 1489 debitum
907 1425 1068 1506 recipere,
1106 1433 1143 1487 et·

136 1529 310 1614 generatim
335 1551 393 1594 cut·
414 1531 485 1613 quis
505 1530 584 1592 haec
609 1529 725 1614 eligat,
759 1542 791 1593 et
813 1529 923 1594 deinde
941 1529 1081 1612 appetitu
1099 1529 1141 1590 ad

135 1653 168 1696 ee
189 1633 391 1708 comitetur,
416 1635 504 1717 qnod
523 1633 566 1696 ita
583 1627 758 1696 iaciendum
781 1632 881 1695 visunt
907 1645 954 1696 est
979 1631 1055 1714 ipsi.
1094 1631 1139 1698 Et

134 1735 288 1801 nonnulla
309 1734 433 1819 qtiidem
461 1737 596 1812 horum,
632 1735 755 1800 artibus
781 1747 909 1816 accepta
936 1735 1082 1798 feruntur
1102 1747 1139 1798 ut

134 1837 341 1920 eecstperatio
359 1837 497 1902 sanitatis
519 1837 689 1902 medicinae
712 1849 742 1902 et
761 1837 901 1910 medient
925 1835 1050 1900 divitiae
1066 1837 1137 1898 the·

133 1961 234 2006 sauro
256 1929 387 2006 invento
407 1954 461 2005 aut
486 1940 667 2005 liberalitati
692 1941 842 2017 alterius,
874 1953 927 2004 aut
951 1939 1055 2004 labori
1084 1953 1144 2008 ant

134 2043 272 2108 artificio
297 2057 507 2127 quaestuoso3
529 2044 611 2109 filius
634 2043 732 2126 petri,
758 2057 789 2108 et
813 2045 935 2128 siquid
957 2044 1041 2108 aliud
1065 2043 1137 2125 opi-

133 2149 266 2212 tnlatntn
289 2160 337 2210 est
361 2151 402 2210 ad
423 2148 676 2234 generationem,
715 2149 847 2211 alterum
873 2147 963 2212 altesi
984 2165 1148 2229 superno·

134 2251 243 2324 niens,
267 2263 303 2312 nt
324 2250 387 2314 cibi
405 2251 530 2334 quidam
548 2263 601 2314 ant
624 2251 716 2314 etiam
734 2251 816 2314 intei-
829 2271 866 2314 ea
885 2272 966 2334 qnae
981 2250 1144 2332 propiona.

134 2363 228 2429 met,
263 2365 387 2435 repnte
409 2354 548 2420 foemina
573 2366 646 2436 apta
670 2356 710 2416 ad
726 2353 929 2436 pariendumt
965 2353 1147 2443 generatim*

135 2476 217 2520 vero
238 2467 349 2520 nautea
368 2456 451 2540 ipsa.

198 2766 253 2830 Aa
272 2766 352 2832 haec
370 2765 660 2843 niventunen,
694 2765 739 2830 ibi
759 2763 984 2848 conquiescere
1012 2789 1070 2832 nee
1095 2773 1137 2834 ao

133 2869 301 2954 superiora
322 2872 491 2934 accendere
512 2870 613 2934 videri
634 2881 822 2954 potestesse
840 2867 975 2934 hominis
997 2872 1135 2957 tegene-
1158 2855 1161 2862 Δ

133 2973 196 3050 eis,
219 2993 323 3057 neque
343 2971 388 3036 eis
409 2972 629 3048 auscultantis,
653 2973 708 3056 qni
722 2973 761 3038 ad
778 2973 895 3055 primas
911 2985 943 3037 et
962 2986 1049 3038 trans
1065 2997 1134 3038 om-

133 3076 184 3140 nia
205 3095 316 3138 comas
338 3077 522 3140 amendant.
565 3074 636 3140 Gur
653 3076 733 3140 enim
753 3097 824 3139 cnm
843 3079 952 3140 eadem
969 3077 1133 3155 exsistant,

133 3191 211 3260 pute
235 3197 306 3242 cum
331 3178 406 3244 luna
423 3183 586 3262 apparent,
610 3179 688 3242 alius
709 3179 835 3244 incatur
860 3178 938 3242 alins
961 3201 1024 3243 non
1046 3181 1135 3245 suna.

134 3293 210 3356 tue,
249 3293 281 3344 et
301 3301 372 3344 cnm
394 3283 435 3344 ab
455 3259 493 3344 iis
520 3284 616 3346 nebus
645 3304 724 3366 quae
747 3301 809 3348 nos
837 3284 1136 3366 circumplectuntur

135 3386 245 3448 eadem
266 3385 307 3447 atl
321 3404 380 3449 nos
402 3385 517 3460 fluant,
554 3385 632 3448 alins
654 3385 852 3472 aegrotavit,
876 3386 953 3449 alins
975 3387 1056 3449 hene
1078 3409 1135 3452 va·

135 3487 191 3552 leit
204 3532 214 3565 ,
249 3507 291 3550 ex
315 3485 424 3552 iisdem
445 3479 595 3570 operibns
617 3487 669 3550 hic
694 3490 781 3554 dives
803 3489 856 3551 lit.
891 3509 1014 3570 pauper
1034 3490 1144 3555 alins?

137 3591 219 3654 Tum
243 3608 323 3654 vero
343 3589 468 3654 vivendi
481 3588 619 3654 rationes
639 3611 805 3675 moresque
823 3592 940 3654 diversi
959 3615 1017 3655 nec
1037 3595 1136 3658 minos

136 3693 282 3758 fortunae
304 3693 417 3757 volunt
442 3699 500 3758 nos'
526 3693 573 3758 ine
598 3693 745 3778 longius:
783 3707 813 3757 et
843 3695 889 3760 sic
911 3717 1062 3778 nusquam
1086 3720 1140 3761 re-

136 3797 291 3872 perientes
327 3795 380 3858 ubi
410 3807 491 3859 stane
520 3795 663 3878 possint,
703 3797 752 3860 alii
786 3796 940 3878 principia
968 3810 1138 3863 statuentes

138 3919 318 3986 corporea,
345 3910 421 3982 pota
446 3919 584 3986 eaquae
610 3899 716 3964 dicunt
740 3899 936 3980 insecabilia,
962 3901 1078 3968 horum
1091 3904 1139 3968 in„
