2718 4506
1051 321 1112 386 ill
1208 354 1212 360 ·

151 473 155 480 ⁵
198 505 262 572 yon
282 477 305 550 ἃ
326 473 528 574 πράττουσιν
559 477 732 556 ὑπέμειναν
758 483 879 576 πρᾶξαι
907 499 1031 552 vertens
1056 498 1120 578 qui

197 585 405 668 omniafere
420 606 509 671 quae
519 586 678 665 faciunt,
691 585 817 666 facere
827 611 896 652 non
909 594 1115 657 sustinerent.

206 682 437 750 Schsflthessius
451 706 575 748 sensum
590 686 688 770 magis
705 708 797 769 quam
820 691 918 752 verba
939 690 1117 772 exprimens

203 799 306 853 totum
327 789 432 852 locum
454 787 502 850 sic
523 788 635 851 vertit:
675 790 758 854 deun
784 811 888 852 raum
914 793 1045 858 worden
1068 796 1117 859 sie

205 893 344 975 geneigt
363 911 461 974 seyn,
494 890 554 953 das
574 891 661 954 alles
687 912 729 953 zu
750 891 850 966 toan,
870 909 936 951 was
954 894 1003 955 sie
1019 895 1115 972 thun,

208 1013 298 1054 ssenn
315 991 362 1052 sie
382 990 475 1053 iltren
491 990 572 1053 Satn
583 990 650 1067 sttr
671 990 762 1050 soahr
777 989 920 1065 hielteu,
954 1010 1044 1053 wenn
1068 995 1116 1057 sie

209 1089 361 1152 wirnliclr
376 1087 559 1169 glaubten,
579 1087 631 1151 elie
650 1087 833 1150 Menscten
856 1095 999 1150 mttssten
1022 1094 1118 1154 noth·

211 1187 341 1268 wendig
363 1189 480 1249 immer
498 1186 558 1248 das
576 1188 682 1262 than,
712 1205 779 1247 was
801 1189 851 1260 ‚sie
874 1187 977 1266 thun,
998 1189 1069 1250 und
1087 1211 1120 1254 es

210 1288 300 1350 stelte
319 1285 461 1349 niemals
476 1287 511 1346 in
529 1286 617 1349 ilrrer
633 1285 774 1362 Macist,
794 1284 854 1346 das
873 1286 1064 1367 Gegentlreil
1078 1309 1121 1352 zu

212 1387 305 1448 tltun.
360 1385 424 1446 Sed
443 1385 591 1466 praefero
613 1385 754 1468 equidem
768 1385 806 1448 is
826 1381 888 1474 κᾷν
908 1381 990 1471 πρὸς
1012 1382 1123 1472 ὀλίγον

121 1543 126 1550 .
210 1496 272 1550 etc.
294 1487 358 1549 hoe
381 1507 483 1548 sensu.
504 1490 595 1551 Satis
614 1491 703 1553 enim
718 1485 784 1548 sibi
801 1487 1039 1567 persuaderent
1057 1491 1125 1571 ipsi

215 1588 274 1649 illi
290 1591 353 1670 qui
371 1598 493 1650 eontra
512 1597 681 1650 conantur
702 1584 834 1660 dicere,
852 1588 885 1646 si
895 1587 954 1668 ,vel
974 1589 1008 1648 in
1022 1591 1123 1650 mini-

212 1688 276 1748 mis
293 1686 389 1750 rebus
408 1695 564 1770 agerent,
585 1695 752 1766 tanquam
772 1703 849 1746 vera
868 1683 1014 1750 dicentes
1030 1685 1121 1760 (scil.
1223 1736 1227 1743 .

212 1785 299 1846 nihil
318 1806 385 1850 esse
414 1788 449 1847 in
470 1795 589 1847 nostra
609 1791 793 1866 potestate,
829 1802 920 1845 weun
945 1785 991 1846 sie
1015 1786 1121 1849 ihrem

215 1881 364 1964 Systeme
383 1894 516 1966 gemttss
536 1881 683 1946 hundeln
702 1879 847 1957 sottrden)
876 1883 908 1943 si
924 1902 1125 1962 persuasum

216 1981 392 2061 haberent,
417 1983 503 2045 nihil
527 2003 646 2045 eorum
671 2001 760 2062 quae
781 1980 909 2062 aliquis
923 1979 1044 2061 facit,
1073 1985 1125 2046 itu

211 2077 309 2156 fieri,
334 2093 371 2143 ut
393 2081 480 2145 item
499 2081 615 2146 eodem
638 2089 787 2162 tempore
804 2099 846 2141 ea
865 2089 898 2142 et
918 2100 986 2141 non
999 2080 1127 2161 agendi
1209 2075 1212 2082 ’

220 2178 376 2242 habuerit
403 2190 608 2261 potestatem
639 2178 673 2242 i.·
692 2200 722 2241 e.
752 2175 779 2239 si
800 2177 980 2241 omitterent
1000 2178 1125 2259 secere,

215 2299 295 2362 quae
317 2280 435 2342 faciunt
447 2326 457 2358 ,
491 2280 672 2364 vituperare
694 2279 783 2357 scih,
817 2280 965 2356 laudare,
1003 2283 1128 2363 precari

215 2379 316 2444 Deos.
341 2383 433 2444 Tune
454 2381 596 2448 siderent
617 2384 671 2448 tali
692 2393 860 2464 systemate
881 2393 1011 2465 accepto
1034 2385 1129 2449 vitam

214 2501 281 2547 non
303 2485 436 2567 amplius
463 2486 536 2550 sore
568 2487 713 2562 vitalem
750 2485 837 2570 quod
862 2483 898 2546 in
927 2488 1128 2569 sequentibus

216 2587 352 2650 ostendit
372 2600 495 2651 auctor.
519 2590 592 2670 (Ο.)
613 2587 696 2680 πρὸς
717 2584 827 2673 ὀλίγον
844 2597 892 2649 est
908 2587 960 2651 vel
974 2586 1022 2648 ad
1032 2587 1127 2654 breve

219 2701 361 2774 ternpus,
385 2696 435 2760 vel
454 2695 656 2773 paullisper.
698 2691 796 2754 Mox.
811 2688 1019 2753 Lonlhabet
1035 2689 1132 2754 τοῦτο

219 2796 467 2884 πωτιστευμένῳ.
509 2793 623 2875 (Oasp.
644 2793 768 2876 orell.)

156 2895 191 2976 3)
219 2887 295 2962 ὑπό
318 2897 448 2977 τινος]
472 2895 525 2958 Sic
540 2887 639 2970 edidi,
664 2916 734 2956 cum
748 2894 780 2957 in
794 2891 994 2977 sequentibus
1009 2894 1133 2980 legatur

221 2991 265 3074 ὡς
285 2995 416 3084 ἔχοντος
443 2991 516 3063 τότε
544 2987 576 3061 ln
605 2996 726 3080 optimo
749 2995 870 3062 Codice
898 2998 1005 3062 Havn.
1049 2997 1133 3061 Eud.

221 3095 284 3166 ὑπό
306 3124 412 3167 τινων.
454 3100 528 3179 (Ο.)

158 3205 194 3282 l)
221 3198 270 3281 ὡς
291 3201 458 3290 ἔχοντος
479 3197 592 3283 τότε]
615 3200 790 3266 SieHavn.
806 3203 890 3267 Edd.
906 3201 1030 3290 ἔχοντες
1052 3196 1135 3284 τότε,

138 3389 141 3397 ²
224 3307 312 3390 quod
332 3315 415 3367 essct
437 3303 588 3369 orationis
611 3306 823 3369 anacoluthon
843 3326 904 3388 pro
934 3299 977 3382 ὥς
998 3298 1142 3393 ἐχόντων

224 3403 297 3474 τότε
311 3410 520 3490 praecedente
532 3407 601 3470 scil.
614 3402 677 3474 ὑπό
693 3431 798 3487 τινων,
819 3419 854 3470 ut
865 3405 916 3471 alii
929 3407 1050 3494 legunt.
1064 3407 1136 3488 (0.)

159 3513 193 3592 5)
221 3511 335 3596 βίος]
370 3511 460 3574 Haec
481 3532 549 3575 vox
571 3511 658 3574 abest
680 3509 711 3572 in
733 3511 809 3574 Ald.
827 3512 858 3573 1.

550 3671 638 3714 MP·
661 3671 733 3714 ΧΠ·

161 3767 194 3844 t)
221 3756 458 3844 ὑπόθοιτο]
501 3761 554 3828 Sin
582 3763 690 3830 Hasn-
719 3774 750 3828 st
772 3761 905 3830 Munus
936 3757 1137 3832 tmtootn

222 3867 333 3932 Loud.
