2694 4508
259 357 280 418 4

257 550 291 592 τε
313 529 369 594 καὶ
390 525 441 592 ἐπὶ
462 515 571 591 πάντα
599 519 767 590 διατείνει·
803 517 842 590 οὗ
871 517 936 615 γάρ
964 517 1085 612 ὁμοίως
1111 527 1185 612 περὶ
1207 521 1267 604 τάς

254 625 388 723 πράξεις
409 627 539 718 ἔχουσιν
567 621 599 693 ὁί
626 652 661 694 τε
692 622 802 694 πάντα
830 626 868 708 ἐξ
892 620 1036 714 ἀνάγκης
1067 652 1101 694 τε
1134 625 1179 712 ¹²)
1211 635 1266 697 καὶ

254 730 338 802 καθ’
362 735 559 826 ἑιμαρμένην
579 730 737 820 γίνεσθαι
757 726 1021 814 πεπιστευκότες,
1061 738 1117 798 καί
1138 729 1189 812 ὁῑς
1211 737 1267 801 δο-

254 843 308 905 κεῖ
323 838 480 925 γίνεσθαί
502 862 593 920 τινα,
636 832 659 903 ίί
680 833 801 925 καὶμὴ
824 837 868 919 23)
891 837 951 902 τοῦ
970 830 1100 914 πάντως
1122 836 1266 905 ἔσεσθαι

253 943 610 1034 προκαταβεβλημένας
630 938 739 1018 άιτίας
761 939 872 1029 έχουσι
894 931 957 1023 ι2)·
998 931 1054 1022 ίίτε
1076 935 1200 1031 έάρεσις
1222 945 1266 1022 ¹⁵)

253 1043 313 1126 της
334 1041 499 1128 ἀληθείας
520 1045 579 1127 τῆς
600 1047 634 1112 ἐν
655 1041 739 1140 ἀυτῇ
759 1039 975 1133 χαλεπωτάτη
1005 1047 1097 1111 δοκεῖ
1121 1043 1182 1127 26),
1220 1049 1277 1137 τῷ

254 1151 361 1216 δοκεῖν
393 1149 457 1216 τῶν
487 1148 589 1229 δοξῶν
615 1149 755 1240 ἑκατέρα
785 1143 895 1215 πολλά
930 1148 974 1230 ’7)
1012 1143 1266 1240 ἀντιμαρτυρεῖν

252 1253 316 1319 τῶν
338 1252 489 1342 ἐναργῶν.
527 1247 621 1318 Ἐπεὶ
643 1254 679 1318 δὲ
700 1252 791 1318 ἐνίων
811 1245 984 1337 δογμάτων
1005 1249 1190 1334 κατασκευὴ
1209 1249 1266 1320 διὰ
1316 1321 1317 1330 ,

252 1350 312 1435 τὴν
333 1351 416 1445 πρὸς
437 1351 514 1432 τοίις
533 1349 579 1442 μὴ
603 1351 723 1441 ὁμοίως
744 1357 900 1440 λέγοντας
926 1349 1117 1440 ἀντιλογίαν
1140 1355 1266 1440 γίνεται
1316 1357 1317 1360 '

253 1460 465 1550 φανερωτέρα
494 1447 554 1539 [ὧν
580 1459 614 1524 έν
646 1461 716 1534 τοῖς
742 1452 889 1544 μάλιστα
918 1451 987 1522 κατ’
1018 1452 1122 1524 ἀστοῦ
1150 1459 1182 1525 τί
1217 1460 1284 1541 έίη

252 1556 295 1629 ίίν
315 1561 410 1650 μείζω
439 1559 500 1644 28),
534 1557 557 1642 ἢ
589 1556 675 1626 κατά
703 1555 955 1651 Ἀριστοτέλους
989 1554 1089 1640 δόξαν
1124 1563 1264 1646 εἰπεῖνς]

252 1658 438 1746 ποιήσομαι
464 1660 524 1732 τὸν
554 1657 654 1751 λόγον
680 1659 763 1754 πρὸς
794 1659 872 1741 τοὺς
903 1657 968 1750 οὐχ’
1000 1659 1120 1751 ὁμοίως
1157 1665 1264 1756 ἐκείνῳ
1318 1711 1319 1724 1

251 1773 326 1859 περὶ
353 1762 478 1836 τούτων
506 1762 694 1860 έιρηκότας,
731 1757 820 1844 ὅπως
851 1767 885 1834 ἐν
919 1766 958 1860 τῇ
979 1766 1052 1833 Ιτιίν
1084 1769 1288 1854 λεγομένων)
1318 1811 1319 1816 1

250 1874 443 1963 παραθέσει
464 1866 692 1966 φανερώτερον
712 1864 790 1958 ἡμῖν
821 1865 971 1952 τάληθὲς
1004 1874 1147 1956 γένηται.
1167 1867 1264 1938 ’Ἐστι

250 1977 287 2042 δὲ
315 1969 336 2056 ἡ
368 1977 433 2044 τῶν
459 1969 565 2061 λόγων
597 1975 661 2041 τῶν
692 1967 855 2062 ἡμετέρων
881 1971 1073 2063 προαίρεσις
1109 1969 1147 2040 οὐ
1179 1971 1265 2066 πρὸς

251 2077 401 2157 ἐπίδειξιν
420 2079 602 2156 νενευκυῖα,
632 2069 719 2142 ἀλλά
738 2070 821 2164 πρὸς
846 2073 989 2154 ἐξέτασίν
1018 2100 1052 2141 τε
1079 2080 1135 2142 καὶ
1168 2079 1264 2144 διδα-

250 2178 391 2246 σκαλίαν
420 2179 486 2246 τάν
513 2181 731 2267 προκειμένων
762 2172 999 2269 ἀκριβεστέραν
1025 2171 1067 2259 ἣν
1098 2183 1155 2245 καί
1175 2175 1265 2268 ὑμᾶς
1318 2243 1319 2246 ,

251 2282 353 2349 πᾶσιν
374 2276 425 2361 ὃῖς
446 2275 608 2373 πράσσετε
630 2283 674 2364 19)
696 2274 781 2372 ὁρᾷν
803 2279 925 2347 ἔνεστιν
946 2276 1168 2363 ἐζηλωκότας,
1205 2280 1262 2350 οά-
1318 2343 1319 2346 ,

250 2384 366 2473 δεμίαν
391 2382 457 2509 γάρ
481 2380 639 2506 πράξιν’
622 2384 712 2473 νμῶν
733 2385 820 2450 ἐστὶν
847 2384 971 2475 έορεῖν,
1006 2386 1039 2451 ἐν
1066 2373 1087 2480 ᾗ
1119 2385 1168 2468 20)
1201 2383 1263 2468 τὴν

248 2489 440 2582 φαντασίαν
460 2485 525 2580 πρὸ
535 2488 606 2569 τῆς
634 2483 799 2569 ἀληθείας
827 2483 951 2556 σκοπὸν
981 2488 1167 2569 πεποίησθε
1203 2491 1262 2571 ²¹).

244 2587 296 2660 Ει
317 2595 366 2659 δέ
373 2617 407 2661 τι
431 2590 504 2676 22)
513 2588 601 2659 κατὰ
622 2586 745 2678 σχολὴν
767 2584 1055 2677 ἐντυγχάνουσιν“
1038 2595 1114 2677 νμῖν
1136 2591 1184 2675 25)
1213 2593 1261 2658 τῶ

248 2697 388 2787 βιβλία,
431 2699 573 2763 δεῖσθαι
604 2686 653 2776 22)
689 2688 775 2774 δόξει
810 2693 961 2784 ῥηθῆναι
996 2689 1260 2785 γνωριμώτερον,

248 2795 329 2880 ἀξιῶ
355 2798 544 2886 τιμηθῆναι
575 2803 632 2865 καί
662 2792 767 2891 ταάτη
799 2796 838 2891 τῇ
865 2797 943 2890 τιμῇ
970 2792 1050 2886 παρ’,
1076 2792 1168 2882 ὑμῶν
1188 2798 1258 2881 25),

248 2905 305 2967 καί
332 2901 503 2993 γραφῆναί
530 2926 590 2989 μοι
621 2906 694 2993 περί
721 2901 785 2968 τῶν
819 2901 1041 2986 ζητονμενων·
1088 2895 1164 2966 οὐδὲ
1192 2898 1259 2993 γάρ

247 2998 366 3098 ῥᾴδιον
384 2999 495 3071 πάντα
513 2998 663 3096 γνώριμα
685 3003 825 3085 ποιῆσαι
847 2997 892 3080 δι’
922 2997 993 3078 ἑνὸς
1020 3001 1154 3088 βιβλίου
1190 3001 1258 3088 26),

245 3101 334 3175 άοτά
354 3133 389 3174 τε
409 3102 453 3174 τά
472 3108 683 3198 προκείμενα,
715 3111 771 3174 καὶ
793 3100 843 3182 ὁῖς
864 3130 915 3182 τις
933 3104 1053 3194 χρῆται
1081 3103 1165 3196 πρὸς
1196 3106 1258 3190 την

247 3204 390 3297 μηνοσιν
410 3205 529 3280 ἀντῶν.
776 3211 787 3232 ’

731 3315 774 3380 Β.

314 3414 362 3485 Τὸ
381 3423 443 3506 μὲν
466 3414 526 3487 ὀῦν
552 3415 635 3485 ε’ἶναί
661 3413 786 3498 τι·τη“ν
808 3417 1020 3507 ἑιμαρμένην,
1042 3423 1111 3496 ,καὶ
1143 3415 1256 3488 ἀιτίαν

244 3523 330 3588 ε’ίναι
349 3523 410 3586 τοῦ
434 3520 591 3609 γίνεσθαί
615 3542 691 3587 τινα
710 3515 779 3587 κατ’
803 3516 907 3602 ἀντίην
932 3522 975 3604 ¹),
1008 3522 1125 3599 ἱκανῶς
1147 3517 1167 3604 ἡ
1190 3525 1256 3590 τῶν

243 3618 445 3715 ἀνθρώπωνΙ
467 3624 638 3706 συνίστησι
664 3618 854 3718 πρόληψις·
898 3621 937 3690 οὐ
972 3622 1036 3744 γάρ
1065 3621 1157 3692 κενὸν
1184 3615 1252 3694 οὐδ’

244 3723 389 3852 άστοχργ
427 3721 656 3807 τάληθοῦς“
637 3753 658 3807 η
691 3724 783 3809 κοινὴ
817 3727 881 3793 τῶν
909 3722 1099 3847 ἀνθρώπων
1131 3723 1252 3821 φάσις,

197 3851 200 3858 ·
242 3825 369 3895 καθ(
355 3853 396 3911 ην
424 3829 497 3916 περί
525 3852 620 3895 τινων
648 3826 863 3916 ὁμοδοξοῦσιν
887 3825 1068 3910 ἀλληλοις,
1113 3822 1188 3898 ίίσοι
1215 3859 1253 3918 γε

241 3929 351 4000 ἀντῶν
384 3928 430 4020 με)
462 3929 519 3998 διά
553 3929 645 4010 τινάς
678 3935 1033 4022 προκαταβεβλημένας
1067 3917 1208 4015 δόξας“
1193 3939 1250 4027 αφ’
