<?xml version="1.0" encoding="UTF-8"?>
<!DOCTYPE html PUBLIC "-//W3C//DTD XHTML 1.0 Transitional//EN"
    "http://www.w3.org/TR/xhtml1/DTD/xhtml1-transitional.dtd">
<html xmlns="http://www.w3.org/1999/xhtml" xml:lang="en" lang="en">
 <head>
  <title>
</title>
<meta http-equiv="Content-Type" content="text/html;charset=utf-8" />
  <meta name='ocr-system' content='tesseract 3.04.00' />
  <meta name='ocr-capabilities' content='ocr_page ocr_carea ocr_par ocr_line ocrx_word'/>
</head>
<body>
  <div class='ocr_page' id='page_1' title='image "./alexandriaprodi00alexgoog_0188.png"; bbox 0 0 2790 4512; ppageno 0'>
   <div class='ocr_carea' id='block_1_1' title="bbox 1036 313 1166 376">
    <p class='ocr_par' dir='ltr' id='par_1_1' title="bbox 1036 313 1166 376">
     <span class='ocr_line' id='line_1_1' title="bbox 1036 313 1166 376; baseline 0.015 -2"><span class='ocrx_word' id='word_1_1' title='bbox 1036 349 1038 360; x_wconf 90' lang='lat'><em>·</em></span> <span class='ocrx_word' id='word_1_2' title='bbox 1108 313 1166 376; x_wconf 73' lang='lat' dir='ltr'><strong>lid</strong></span> 
     </span>
    </p>
   </div>
   <div class='ocr_carea' id='block_1_2' title="bbox 144 481 1265 3976">
    <p class='ocr_par' dir='ltr' id='par_1_2' title="bbox 144 481 1265 3650">
     <span class='ocr_line' id='line_1_2' title="bbox 167 481 1179 585; baseline -0.01 -32"><span class='ocrx_word' id='word_1_3' title='bbox 167 509 244 576; x_wconf 84' lang='lat' dir='ltr'><strong>quae</strong></span> <span class='ocrx_word' id='word_1_4' title='bbox 268 485 443 585; x_wconf 70' lang='lat' dir='ltr'><strong>ancipitia</strong></span> <span class='ocrx_word' id='word_1_5' title='bbox 449 505 509 560; x_wconf 84' lang='lat' dir='ltr'><strong>nos</strong></span> <span class='ocrx_word' id='word_1_6' title='bbox 537 484 665 550; x_wconf 81' lang='lat' dir='ltr'><strong>dicimus</strong></span> <span class='ocrx_word' id='word_1_7' title='bbox 696 503 715 546; x_wconf 89' lang='lat' dir='ltr'><strong>a</strong></span> <span class='ocrx_word' id='word_1_8' title='bbox 740 481 810 548; x_wconf 90' lang='lat' dir='ltr'><strong>Dus</strong></span> <span class='ocrx_word' id='word_1_9' title='bbox 832 482 961 548; x_wconf 90' lang='lat' dir='ltr'><strong>retineri</strong></span> <span class='ocrx_word' id='word_1_10' title='bbox 990 492 1022 545; x_wconf 88' lang='lat' dir='ltr'><strong>et</strong></span> <span class='ocrx_word' id='word_1_11' title='bbox 1054 501 1179 573; x_wconf 32' lang='lat' dir='ltr'><strong>eorum·</strong></span> 
     </span>
     <span class='ocr_line' id='line_1_3' title="bbox 166 584 1256 672; baseline -0.013 -14"><span class='ocrx_word' id='word_1_12' title='bbox 166 603 313 658; x_wconf 82' lang='lat' dir='ltr'><strong>eventum</strong></span> <span class='ocrx_word' id='word_1_13' title='bbox 335 588 466 654; x_wconf 85' lang='lat' dir='ltr'><strong>delinito</strong></span> <span class='ocrx_word' id='word_1_14' title='bbox 483 587 664 672; x_wconf 88' lang='lat' dir='ltr'><strong>praenosci.</strong></span> <span class='ocrx_word' id='word_1_15' title='bbox 707 587 778 652; x_wconf 92' lang='lat' dir='ltr'><strong>lmo</strong></span> <span class='ocrx_word' id='word_1_16' title='bbox 795 587 896 652; x_wconf 86' lang='lat' dir='ltr'><strong>multo</strong></span> <span class='ocrx_word' id='word_1_17' title='bbox 918 584 1017 672; x_wconf 88' lang='lat' dir='ltr'><strong>magis</strong></span> <span class='ocrx_word' id='word_1_18' title='bbox 1039 584 1079 648; x_wconf 89' lang='lat' dir='ltr'><strong>sit</strong></span> <span class='ocrx_word' id='word_1_19' title='bbox 1097 605 1168 646; x_wconf 84' lang='lat' dir='ltr'><strong>cre·</strong></span> <span class='ocrx_word' id='word_1_20' title='bbox 1253 597 1256 606; x_wconf 87' lang='lat'>·</span> 
     </span>
     <span class='ocr_line' id='line_1_4' title="bbox 167 677 1175 772; baseline -0.01 -12"><span class='ocrx_word' id='word_1_21' title='bbox 167 695 260 760; x_wconf 80' lang='lat' dir='ltr'><strong>dibile</strong></span> <span class='ocrx_word' id='word_1_22' title='bbox 293 705 421 758; x_wconf 87' lang='lat' dir='ltr'><strong>aeterna</strong></span> <span class='ocrx_word' id='word_1_23' title='bbox 456 712 475 755; x_wconf 90' lang='lat' dir='ltr'><strong>a</strong></span> <span class='ocrx_word' id='word_1_24' title='bbox 509 690 579 756; x_wconf 86' lang='lat' dir='ltr'><strong>Diis</strong></span> <span class='ocrx_word' id='word_1_25' title='bbox 608 689 711 754; x_wconf 90' lang='lat' dir='ltr'><strong>deseri</strong></span> <span class='ocrx_word' id='word_1_26' title='bbox 748 701 780 754; x_wconf 87' lang='lat' dir='ltr'><strong>ct</strong></span> <span class='ocrx_word' id='word_1_27' title='bbox 815 689 953 754; x_wconf 85' lang='lat' dir='ltr'><strong>abdicari</strong></span> <span class='ocrx_word' id='word_1_28' title='bbox 985 710 1003 752; x_wconf 91' lang='lat' dir='ltr'><strong>a</strong></span> <span class='ocrx_word' id='word_1_29' title='bbox 1036 677 1175 772; x_wconf 85' lang='lat' dir='ltr'><strong>propria¹</strong></span> 
     </span>
     <span class='ocr_line' id='line_1_5' title="bbox 167 791 1170 884; baseline -0.011 -22"><span class='ocrx_word' id='word_1_30' title='bbox 167 801 299 884; x_wconf 80' lang='lat' dir='ltr'><strong>qrradam</strong></span> <span class='ocrx_word' id='word_1_31' title='bbox 324 793 543 880; x_wconf 81' lang='lat' dir='ltr'><strong>providentia,</strong></span> <span class='ocrx_word' id='word_1_32' title='bbox 582 815 676 878; x_wconf 89' lang='lat' dir='ltr'><strong>quam</strong></span> <span class='ocrx_word' id='word_1_33' title='bbox 699 795 779 857; x_wconf 91' lang='lat' dir='ltr'><strong>haec</strong></span> <span class='ocrx_word' id='word_1_34' title='bbox 804 791 884 877; x_wconf 86' lang='lat' dir='ltr'><strong>quae</strong></span> <span class='ocrx_word' id='word_1_35' title='bbox 910 794 1029 856; x_wconf 87' lang='lat' dir='ltr'><strong>fluxam</strong></span> <span class='ocrx_word' id='word_1_36' title='bbox 1053 794 1170 855; x_wconf 89' lang='lat' dir='ltr'><strong>habent</strong></span> 
     </span>
     <span class='ocr_line' id='line_1_6' title="bbox 167 893 1171 980; baseline -0.01 -14"><span class='ocrx_word' id='word_1_37' title='bbox 167 915 330 976; x_wconf 87' lang='lat' dir='ltr'><strong>nattuam,</strong></span> <span class='ocrx_word' id='word_1_38' title='bbox 358 920 429 966; x_wconf 86' lang='lat' dir='ltr'><strong>eum</strong></span> <span class='ocrx_word' id='word_1_39' title='bbox 450 898 506 962; x_wconf 89' lang='lat' dir='ltr'><strong>illa</strong></span> <span class='ocrx_word' id='word_1_40' title='bbox 527 919 568 960; x_wconf 86' lang='lat' dir='ltr'><strong>ex</strong></span> <span class='ocrx_word' id='word_1_41' title='bbox 589 910 700 980; x_wconf 88' lang='lat' dir='ltr'><strong>suapte</strong></span> <span class='ocrx_word' id='word_1_42' title='bbox 720 909 832 962; x_wconf 87' lang='lat' dir='ltr'><strong>natura</strong></span> <span class='ocrx_word' id='word_1_43' title='bbox 851 897 986 959; x_wconf 80' lang='lat' dir='ltr'>habeant</span> <span class='ocrx_word' id='word_1_44' title='bbox 1006 916 1071 959; x_wconf 85' lang='lat' dir='ltr'><strong>non</strong></span> <span class='ocrx_word' id='word_1_45' title='bbox 1094 893 1171 957; x_wconf 85' lang='lat' dir='ltr'><strong>deli·</strong></span> 
     </span>
     <span class='ocr_line' id='line_1_7' title="bbox 169 995 1169 1087; baseline -0.011 -19"><span class='ocrx_word' id='word_1_46' title='bbox 169 1003 265 1068; x_wconf 89' lang='lat' dir='ltr'><strong>nitam</strong></span> <span class='ocrx_word' id='word_1_47' title='bbox 287 1013 382 1086; x_wconf 90' lang='lat' dir='ltr'><strong>atque</strong></span> <span class='ocrx_word' id='word_1_48' title='bbox 409 999 654 1087; x_wconf 73' lang='lat' dir='ltr'><strong>immutabilem,</strong></span> <span class='ocrx_word' id='word_1_49' title='bbox 692 999 767 1082; x_wconf 83' lang='lat' dir='ltr'><strong>quia</strong></span> <span class='ocrx_word' id='word_1_50' title='bbox 794 998 888 1061; x_wconf 89' lang='lat' dir='ltr'><strong>talem</strong></span> <span class='ocrx_word' id='word_1_51' title='bbox 915 997 1060 1062; x_wconf 89' lang='lat' dir='ltr'><strong>dicuntur</strong></span> <span class='ocrx_word' id='word_1_52' title='bbox 1087 995 1169 1059; x_wconf 88' lang='lat' dir='ltr'><strong>acci·</strong></span> 
     </span>
     <span class='ocr_line' id='line_1_8' title="bbox 167 1091 1170 1204; baseline -0.008 -36"><span class='ocrx_word' id='word_1_53' title='bbox 167 1127 245 1192; x_wconf 88' lang='lat' dir='ltr'><strong>pere</strong></span> <span class='ocrx_word' id='word_1_54' title='bbox 274 1103 478 1204; x_wconf 81' lang='lat' dir='ltr'><strong>exstantiam,</strong></span> <span class='ocrx_word' id='word_1_55' title='bbox 519 1103 601 1166; x_wconf 86' lang='lat' dir='ltr'><strong>haec</strong></span> <span class='ocrx_word' id='word_1_56' title='bbox 633 1091 727 1166; x_wconf 84' lang='lat' dir='ltr'><strong>vero</strong></span> <span class='ocrx_word' id='word_1_57' title='bbox 745 1123 825 1184; x_wconf 77' lang='lat' dir='ltr'><strong>qtrae</strong></span> <span class='ocrx_word' id='word_1_58' title='bbox 853 1105 926 1164; x_wconf 86' lang='lat' dir='ltr'><strong>sunt</strong></span> <span class='ocrx_word' id='word_1_59' title='bbox 951 1099 1080 1185; x_wconf 74' lang='lat' dir='ltr'><strong>genita,</strong></span> <span class='ocrx_word' id='word_1_60' title='bbox 1126 1099 1170 1162; x_wconf 91' lang='lat' dir='ltr'><strong>ob</strong></span> 
     </span>
     <span class='ocr_line' id='line_1_9' title="bbox 166 1195 1244 1292; baseline -0.01 -19"><span class='ocrx_word' id='word_1_61' title='bbox 166 1207 318 1292; x_wconf 90' lang='lat' dir='ltr'><strong>propriae</strong></span> <span class='ocrx_word' id='word_1_62' title='bbox 340 1195 489 1270; x_wconf 88' lang='lat' dir='ltr'><strong>materiae</strong></span> <span class='ocrx_word' id='word_1_63' title='bbox 510 1205 688 1270; x_wconf 83' lang='lat' dir='ltr'><strong>fluxionem</strong></span> <span class='ocrx_word' id='word_1_64' title='bbox 705 1205 885 1269; x_wconf 88' lang='lat' dir='ltr'><strong>omnimoda</strong></span> <span class='ocrx_word' id='word_1_65' title='bbox 905 1203 1077 1268; x_wconf 84' lang='lat' dir='ltr'><strong>mutatione</strong></span> <span class='ocrx_word' id='word_1_66' title='bbox 1100 1201 1167 1287; x_wconf 88' lang='lat' dir='ltr'><strong>agi-</strong></span> <span class='ocrx_word' id='word_1_67' title='bbox 1243 1277 1244 1282; x_wconf 8' lang='grc' dir='ltr'>ἵ</span> 
     </span>
     <span class='ocr_line' id='line_1_10' title="bbox 171 1303 1172 1406; baseline -0.008 -32"><span class='ocrx_word' id='word_1_68' title='bbox 171 1312 233 1376; x_wconf 86' lang='lat' dir='ltr'><strong>tari</strong></span> <span class='ocrx_word' id='word_1_69' title='bbox 253 1322 325 1376; x_wconf 89' lang='lat' dir='ltr'><strong>nata</strong></span> <span class='ocrx_word' id='word_1_70' title='bbox 345 1331 448 1394; x_wconf 89' lang='lat' dir='ltr'><strong>neque</strong></span> <span class='ocrx_word' id='word_1_71' title='bbox 470 1331 538 1374; x_wconf 88' lang='lat' dir='ltr'><strong>esse</strong></span> <span class='ocrx_word' id='word_1_72' title='bbox 565 1329 667 1392; x_wconf 89' lang='lat' dir='ltr'><strong>neque</strong></span> <span class='ocrx_word' id='word_1_73' title='bbox 697 1306 868 1384; x_wconf 87' lang='lat' dir='ltr'><strong>contineri,</strong></span> <span class='ocrx_word' id='word_1_74' title='bbox 898 1326 1001 1406; x_wconf 82' lang='lat' dir='ltr'><strong>neque</strong></span> <span class='ocrx_word' id='word_1_75' title='bbox 1031 1303 1172 1368; x_wconf 88' lang='lat' dir='ltr'><strong>ordinari</strong></span> 
     </span>
     <span class='ocr_line' id='line_1_11' title="bbox 171 1403 1172 1498; baseline -0.008 -20"><span class='ocrx_word' id='word_1_76' title='bbox 171 1425 322 1498; x_wconf 80' lang='lat' dir='ltr'><strong>possunt,</strong></span> <span class='ocrx_word' id='word_1_77' title='bbox 359 1413 419 1476; x_wconf 89' lang='lat' dir='ltr'><strong>nisi</strong></span> <span class='ocrx_word' id='word_1_78' title='bbox 447 1413 578 1476; x_wconf 90' lang='lat' dir='ltr'><strong>multum</strong></span> <span class='ocrx_word' id='word_1_79' title='bbox 605 1413 730 1474; x_wconf 87' lang='lat' dir='ltr'><strong>trahant</strong></span> <span class='ocrx_word' id='word_1_80' title='bbox 752 1413 791 1474; x_wconf 87' lang='lat' dir='ltr'><strong>ab</strong></span> <span class='ocrx_word' id='word_1_81' title='bbox 815 1403 977 1474; x_wconf 86' lang='lat' dir='ltr'><strong>efficientia</strong></span> <span class='ocrx_word' id='word_1_82' title='bbox 999 1409 1112 1492; x_wconf 91' lang='lat' dir='ltr'><strong>opifice</strong></span> <span class='ocrx_word' id='word_1_83' title='bbox 1135 1430 1172 1470; x_wconf 88' lang='lat' dir='ltr'><strong>ae</strong></span> 
     </span>
     <span class='ocr_line' id='line_1_12' title="bbox 169 1514 1171 1600; baseline -0.006 -20"><span class='ocrx_word' id='word_1_84' title='bbox 169 1517 305 1600; x_wconf 82' lang='lat' dir='ltr'><strong>provida</strong></span> <span class='ocrx_word' id='word_1_85' title='bbox 325 1538 450 1600; x_wconf 89' lang='lat' dir='ltr'><strong>semper</strong></span> <span class='ocrx_word' id='word_1_86' title='bbox 472 1518 583 1580; x_wconf 89' lang='lat' dir='ltr'><strong>eodem</strong></span> <span class='ocrx_word' id='word_1_87' title='bbox 605 1515 702 1579; x_wconf 87' lang='lat' dir='ltr'><strong>modo</strong></span> <span class='ocrx_word' id='word_1_88' title='bbox 723 1536 757 1578; x_wconf 78' lang='lat' dir='ltr'><strong>se</strong></span> <span class='ocrx_word' id='word_1_89' title='bbox 778 1514 982 1591; x_wconf 83' lang='lat' dir='ltr'><strong>habentium,</strong></span> <span class='ocrx_word' id='word_1_90' title='bbox 1016 1534 1080 1576; x_wconf 91' lang='grc' dir='ltr'><strong>ιιοιι</strong></span> <span class='ocrx_word' id='word_1_91' title='bbox 1101 1524 1171 1574; x_wconf 91' lang='lat' dir='ltr'><strong>tau</strong></span> 
     </span>
     <span class='ocr_line' id='line_1_13' title="bbox 169 1615 1264 1702; baseline -0.006 -18"><span class='ocrx_word' id='word_1_92' title='bbox 169 1632 235 1684; x_wconf 87' lang='lat' dir='ltr'><strong>tum</strong></span> <span class='ocrx_word' id='word_1_93' title='bbox 256 1620 310 1684; x_wconf 90' lang='lat' dir='ltr'><strong>illa</strong></span> <span class='ocrx_word' id='word_1_94' title='bbox 330 1619 392 1684; x_wconf 90' lang='lat' dir='ltr'><strong>toti</strong></span> <span class='ocrx_word' id='word_1_95' title='bbox 413 1619 610 1702; x_wconf 77' lang='lat' dir='ltr'><strong>praesidente</strong></span> <span class='ocrx_word' id='word_1_96' title='bbox 632 1629 664 1680; x_wconf 91' lang='lat' dir='ltr'><strong>et</strong></span> <span class='ocrx_word' id='word_1_97' title='bbox 685 1639 852 1700; x_wconf 89' lang='lat' dir='ltr'><strong>suprema,</strong></span> <span class='ocrx_word' id='word_1_98' title='bbox 890 1619 946 1680; x_wconf 87' lang='lat' dir='ltr'><strong>sed</strong></span> <span class='ocrx_word' id='word_1_99' title='bbox 974 1629 1005 1680; x_wconf 91' lang='lat' dir='ltr'><strong>et</strong></span> <span class='ocrx_word' id='word_1_100' title='bbox 1032 1639 1052 1680; x_wconf 86' lang='lat' dir='ltr'><strong>a</strong></span> <span class='ocrx_word' id='word_1_101' title='bbox 1071 1615 1170 1702; x_wconf 84' lang='lat' dir='ltr'><strong>magis</strong></span> <span class='ocrx_word' id='word_1_102' title='bbox 1254 1633 1264 1696; x_wconf 33' lang='grc' dir='ltr'>Ἰ</span> 
     </span>
     <span class='ocr_line' id='line_1_14' title="bbox 144 1703 1169 1806; baseline -0.004 -20"><span class='ocrx_word' id='word_1_103' title='bbox 144 1703 149 1714; x_wconf 48' lang='grc'><strong>’</strong></span> <span class='ocrx_word' id='word_1_104' title='bbox 169 1721 412 1806; x_wconf 85' lang='lat' dir='ltr'><strong>particularibus</strong></span> <span class='ocrx_word' id='word_1_105' title='bbox 427 1721 589 1806; x_wconf 81' lang='lat' dir='ltr'><strong>magisque</strong></span> <span class='ocrx_word' id='word_1_106' title='bbox 603 1720 811 1803; x_wconf 82' lang='lat' dir='ltr'><strong>propinquis3</strong></span> <span class='ocrx_word' id='word_1_107' title='bbox 834 1719 914 1782; x_wconf 88' lang='lat' dir='ltr'><strong>sicut</strong></span> <span class='ocrx_word' id='word_1_108' title='bbox 929 1732 959 1781; x_wconf 90' lang='lat' dir='ltr'><strong>et</strong></span> <span class='ocrx_word' id='word_1_109' title='bbox 980 1720 1012 1782; x_wconf 92' lang='lat' dir='ltr'><strong>in</strong></span> <span class='ocrx_word' id='word_1_110' title='bbox 1034 1721 1169 1782; x_wconf 86' lang='lat' dir='ltr'><strong>humano</strong></span> 
     </span>
     <span class='ocr_line' id='line_1_15' title="bbox 168 1811 1177 1910; baseline -0.004 -22"><span class='ocrx_word' id='word_1_111' title='bbox 168 1846 288 1910; x_wconf 86' lang='lat' dir='ltr'><strong>genere</strong></span> <span class='ocrx_word' id='word_1_112' title='bbox 310 1845 427 1907; x_wconf 90' lang='lat' dir='ltr'><strong>pueros</strong></span> <span class='ocrx_word' id='word_1_113' title='bbox 448 1825 589 1888; x_wconf 80' lang='lat' dir='ltr'><strong>ridemus</strong></span> <span class='ocrx_word' id='word_1_114' title='bbox 603 1822 738 1886; x_wconf 83' lang='lat' dir='ltr'><strong>maioris</strong></span> <span class='ocrx_word' id='word_1_115' title='bbox 762 1843 857 1908; x_wconf 87' lang='lat' dir='ltr'><strong>egere</strong></span> <span class='ocrx_word' id='word_1_116' title='bbox 883 1822 1053 1888; x_wconf 85' lang='lat' dir='ltr'><strong>ctuationis</strong></span> <span class='ocrx_word' id='word_1_117' title='bbox 1077 1811 1177 1906; x_wconf 84' lang='lat' dir='ltr'><strong>qu&#39;am</strong></span> 
     </span>
     <span class='ocr_line' id='line_1_16' title="bbox 169 1913 1170 2010; baseline -0.004 -18"><span class='ocrx_word' id='word_1_118' title='bbox 169 1928 279 2005; x_wconf 86' lang='lat' dir='ltr'><strong>viros,</strong></span> <span class='ocrx_word' id='word_1_119' title='bbox 318 1939 350 1990; x_wconf 86' lang='lat' dir='ltr'><strong>et</strong></span> <span class='ocrx_word' id='word_1_120' title='bbox 374 1925 571 2010; x_wconf 87' lang='lat' dir='ltr'><strong>improvidos</strong></span> <span class='ocrx_word' id='word_1_121' title='bbox 595 1947 689 2010; x_wconf 87' lang='lat' dir='ltr'><strong>quam</strong></span> <span class='ocrx_word' id='word_1_122' title='bbox 710 1927 894 2008; x_wconf 86' lang='lat' dir='ltr'><strong>prudentes.</strong></span> <span class='ocrx_word' id='word_1_123' title='bbox 945 1913 1046 2006; x_wconf 84' lang='lat' dir='ltr'><strong>Quod</strong></span> <span class='ocrx_word' id='word_1_124' title='bbox 1062 1925 1089 1988; x_wconf 91' lang='lat' dir='ltr'><strong>si</strong></span> <span class='ocrx_word' id='word_1_125' title='bbox 1111 1948 1170 2004; x_wconf 86' lang='lat' dir='ltr'><strong>no·</strong></span> 
     </span>
     <span class='ocr_line' id='line_1_17' title="bbox 168 2017 1170 2114; baseline 0 -20"><span class='ocrx_word' id='word_1_126' title='bbox 168 2042 244 2094; x_wconf 88' lang='lat' dir='ltr'><strong>runt</strong></span> <span class='ocrx_word' id='word_1_127' title='bbox 264 2028 320 2094; x_wconf 87' lang='lat' dir='ltr'><strong>Dii</strong></span> <span class='ocrx_word' id='word_1_128' title='bbox 347 2029 454 2094; x_wconf 79' lang='lat' dir='ltr'><strong>lutura</strong></span> <span class='ocrx_word' id='word_1_129' title='bbox 476 2050 556 2114; x_wconf 90' lang='lat' dir='ltr'><strong>quae</strong></span> <span class='ocrx_word' id='word_1_130' title='bbox 584 2028 731 2112; x_wconf 80' lang='lat' dir='ltr'><strong>ancipitia</strong></span> <span class='ocrx_word' id='word_1_131' title='bbox 759 2017 887 2094; x_wconf 86' lang='lat' dir='ltr'><strong>dicimus</strong></span> <span class='ocrx_word' id='word_1_132' title='bbox 909 2041 940 2092; x_wconf 91' lang='lat' dir='ltr'><strong>et</strong></span> <span class='ocrx_word' id='word_1_133' title='bbox 961 2029 1089 2094; x_wconf 88' lang='lat' dir='ltr'><strong>delinito</strong></span> <span class='ocrx_word' id='word_1_134' title='bbox 1112 2051 1170 2094; x_wconf 93' lang='lat' dir='ltr'><strong>no-</strong></span> 
     </span>
     <span class='ocr_line' id='line_1_18' title="bbox 168 2131 1265 2218; baseline 0.001 -22"><span class='ocrx_word' id='word_1_135' title='bbox 168 2145 260 2210; x_wconf 87' lang='lat' dir='ltr'><strong>runt,</strong></span> <span class='ocrx_word' id='word_1_136' title='bbox 291 2153 331 2196; x_wconf 89' lang='lat' dir='ltr'><strong>ue</strong></span> <span class='ocrx_word' id='word_1_137' title='bbox 353 2144 388 2196; x_wconf 92' lang='lat' dir='ltr'><strong>ut</strong></span> <span class='ocrx_word' id='word_1_138' title='bbox 409 2133 496 2212; x_wconf 86' lang='lat' dir='ltr'><strong>dixi,</strong></span> <span class='ocrx_word' id='word_1_139' title='bbox 534 2133 685 2196; x_wconf 86' lang='lat' dir='ltr'><strong>incertam</strong></span> <span class='ocrx_word' id='word_1_140' title='bbox 705 2131 856 2196; x_wconf 81' lang='lat' dir='ltr'><strong>faciamus</strong></span> <span class='ocrx_word' id='word_1_141' title='bbox 879 2153 989 2196; x_wconf 90' lang='lat' dir='ltr'><strong>eorum</strong></span> <span class='ocrx_word' id='word_1_142' title='bbox 1012 2133 1171 2218; x_wconf 87' lang='lat' dir='ltr'><strong>cognitio·</strong></span> <span class='ocrx_word' id='word_1_143' title='bbox 1234 2140 1265 2165; x_wconf 90' lang='grc'><strong>·’</strong></span> 
     </span>
     <span class='ocr_line' id='line_1_19' title="bbox 168 2215 1176 2322; baseline 0.002 -24"><span class='ocrx_word' id='word_1_144' title='bbox 168 2257 258 2313; x_wconf 87' lang='lat' dir='ltr'><strong>nem,</strong></span> <span class='ocrx_word' id='word_1_145' title='bbox 297 2237 353 2298; x_wconf 90' lang='lat' dir='ltr'><strong>sed</strong></span> <span class='ocrx_word' id='word_1_146' title='bbox 373 2246 491 2298; x_wconf 88' lang='lat' dir='ltr'><strong>norunt</strong></span> <span class='ocrx_word' id='word_1_147' title='bbox 513 2236 585 2299; x_wconf 94' lang='lat' dir='ltr'><strong>solo</strong></span> <span class='ocrx_word' id='word_1_148' title='bbox 607 2256 700 2298; x_wconf 90' lang='lat' dir='ltr'><strong>muro</strong></span> <span class='ocrx_word' id='word_1_149' title='bbox 721 2235 828 2320; x_wconf 90' lang='lat' dir='ltr'><strong>ligneo</strong></span> <span class='ocrx_word' id='word_1_150' title='bbox 850 2236 952 2299; x_wconf 88' lang='lat' dir='ltr'><strong>salvas</strong></span> <span class='ocrx_word' id='word_1_151' title='bbox 974 2236 1046 2322; x_wconf 76' lang='lat' dir='ltr'><strong>lore</strong></span> <span class='ocrx_word' id='word_1_152' title='bbox 1070 2215 1176 2300; x_wconf 48' lang='grc' dir='ltr'><strong>Αιιιι)</strong></span> 
     </span>
     <span class='ocr_line' id='line_1_20' title="bbox 168 2338 1170 2423; baseline 0.002 -21"><span class='ocrx_word' id='word_1_153' title='bbox 168 2360 224 2402; x_wconf 89' lang='lat' dir='ltr'><strong>nas</strong></span> <span class='ocrx_word' id='word_1_154' title='bbox 257 2359 276 2400; x_wconf 85' lang='lat' dir='ltr'><strong>a</strong></span> <span class='ocrx_word' id='word_1_155' title='bbox 305 2339 515 2400; x_wconf 89' lang='lat' dir='ltr'><strong>barbarorum</strong></span> <span class='ocrx_word' id='word_1_156' title='bbox 549 2338 686 2420; x_wconf 86' lang='lat' dir='ltr'><strong>impetu,</strong></span> <span class='ocrx_word' id='word_1_157' title='bbox 725 2351 757 2400; x_wconf 88' lang='lat' dir='ltr'><strong>et</strong></span> <span class='ocrx_word' id='word_1_158' title='bbox 789 2341 876 2423; x_wconf 90' lang='lat' dir='ltr'><strong>quod</strong></span> <span class='ocrx_word' id='word_1_159' title='bbox 907 2339 1010 2404; x_wconf 83' lang='lat' dir='ltr'><strong>diviua</strong></span> <span class='ocrx_word' id='word_1_160' title='bbox 1041 2339 1170 2404; x_wconf 88' lang='lat' dir='ltr'><strong>Salamis</strong></span> 
     </span>
     <span class='ocr_line' id='line_1_21' title="bbox 169 2429 1170 2526; baseline 0.001 -22"><span class='ocrx_word' id='word_1_161' title='bbox 169 2443 282 2524; x_wconf 81' lang='lat' dir='ltr'><strong>perdet</strong></span> <span class='ocrx_word' id='word_1_162' title='bbox 303 2441 469 2504; x_wconf 86' lang='lat' dir='ltr'><strong>mulierum</strong></span> <span class='ocrx_word' id='word_1_163' title='bbox 491 2441 656 2524; x_wconf 89' lang='lat' dir='ltr'><strong>sobolem,</strong></span> <span class='ocrx_word' id='word_1_164' title='bbox 680 2452 711 2502; x_wconf 90' lang='lat' dir='ltr'><strong>et</strong></span> <span class='ocrx_word' id='word_1_165' title='bbox 728 2442 815 2524; x_wconf 91' lang='lat' dir='ltr'><strong>quod</strong></span> <span class='ocrx_word' id='word_1_166' title='bbox 831 2439 972 2509; x_wconf 83' lang='lat' dir='ltr'><strong>Croesus</strong></span> <span class='ocrx_word' id='word_1_167' title='bbox 989 2429 1094 2524; x_wconf 84' lang='lat' dir='ltr'><strong>Halyn</strong></span> <span class='ocrx_word' id='word_1_168' title='bbox 1112 2465 1170 2526; x_wconf 92' lang='lat' dir='ltr'><strong>pe-</strong></span> 
     </span>
     <span class='ocr_line' id='line_1_22' title="bbox 169 2543 1174 2628; baseline 0.002 -22"><span class='ocrx_word' id='word_1_169' title='bbox 169 2556 296 2606; x_wconf 88' lang='lat' dir='ltr'><strong>netrans</strong></span> <span class='ocrx_word' id='word_1_170' title='bbox 319 2564 463 2628; x_wconf 88' lang='lat' dir='ltr'><strong>magnam</strong></span> <span class='ocrx_word' id='word_1_171' title='bbox 484 2555 647 2624; x_wconf 86' lang='lat' dir='ltr'><strong>pervertet</strong></span> <span class='ocrx_word' id='word_1_172' title='bbox 670 2564 766 2626; x_wconf 90' lang='lat' dir='ltr'><strong>opum</strong></span> <span class='ocrx_word' id='word_1_173' title='bbox 789 2543 871 2620; x_wconf 84' lang='lat' dir='ltr'><strong>vim,</strong></span> <span class='ocrx_word' id='word_1_174' title='bbox 910 2557 940 2606; x_wconf 93' lang='lat' dir='ltr'><strong>et</strong></span> <span class='ocrx_word' id='word_1_175' title='bbox 962 2547 1050 2628; x_wconf 87' lang='lat' dir='ltr'><strong>quod</strong></span> <span class='ocrx_word' id='word_1_176' title='bbox 1072 2546 1174 2610; x_wconf 88' lang='lat' dir='ltr'><strong>Laius&#39;</strong></span> 
     </span>
     <span class='ocr_line' id='line_1_23' title="bbox 170 2641 1172 2732; baseline 0.002 -22"><span class='ocrx_word' id='word_1_177' title='bbox 170 2648 289 2710; x_wconf 87' lang='lat' dir='ltr'><strong>liberos</strong></span> <span class='ocrx_word' id='word_1_178' title='bbox 311 2668 418 2710; x_wconf 90' lang='lat' dir='ltr'><strong>sercns</strong></span> <span class='ocrx_word' id='word_1_179' title='bbox 439 2645 611 2708; x_wconf 81' lang='lat' dir='ltr'><strong>funditus</strong></span> <span class='ocrx_word' id='word_1_180' title='bbox 601 2669 688 2710; x_wconf 86' lang='lat' dir='ltr'><strong>suem</strong></span> <span class='ocrx_word' id='word_1_181' title='bbox 710 2658 831 2710; x_wconf 87' lang='lat' dir='ltr'><strong>evertet</strong></span> <span class='ocrx_word' id='word_1_182' title='bbox 861 2641 1009 2724; x_wconf 90' lang='lat' dir='ltr'><strong>domum,</strong></span> <span class='ocrx_word' id='word_1_183' title='bbox 1048 2650 1172 2732; x_wconf 88' lang='lat' dir='ltr'><strong>perspi·</strong></span> 
     </span>
     <span class='ocr_line' id='line_1_24' title="bbox 174 2749 1173 2832; baseline 0.004 -20"><span class='ocrx_word' id='word_1_184' title='bbox 174 2772 265 2812; x_wconf 89' lang='lat' dir='ltr'><strong>cuum</strong></span> <span class='ocrx_word' id='word_1_185' title='bbox 287 2749 359 2812; x_wconf 87' lang='lat' dir='ltr'><strong>binc</strong></span> <span class='ocrx_word' id='word_1_186' title='bbox 382 2761 514 2812; x_wconf 87' lang='lat' dir='ltr'><strong>estnon</strong></span> <span class='ocrx_word' id='word_1_187' title='bbox 536 2750 678 2832; x_wconf 87' lang='lat' dir='ltr'><strong>potuisse</strong></span> <span class='ocrx_word' id='word_1_188' title='bbox 699 2751 758 2830; x_wconf 81' lang='lat' dir='ltr'><strong>ista</strong></span> <span class='ocrx_word' id='word_1_189' title='bbox 780 2771 844 2813; x_wconf 89' lang='lat' dir='ltr'><strong>nou</strong></span> <span class='ocrx_word' id='word_1_190' title='bbox 865 2750 953 2824; x_wconf 89' lang='lat' dir='ltr'><strong>fieri;</strong></span> <span class='ocrx_word' id='word_1_191' title='bbox 990 2751 1022 2814; x_wconf 89' lang='lat' dir='ltr'><strong>id</strong></span> <span class='ocrx_word' id='word_1_192' title='bbox 1043 2752 1123 2814; x_wconf 86' lang='lat' dir='ltr'><strong>enim</strong></span> <span class='ocrx_word' id='word_1_193' title='bbox 1145 2753 1173 2816; x_wconf 89' lang='grc' dir='ltr'><strong>ιι</strong></span> 
     </span>
     <span class='ocr_line' id='line_1_25' title="bbox 171 2852 1173 2942; baseline 0.001 -25"><span class='ocrx_word' id='word_1_194' title='bbox 171 2865 274 2931; x_wconf 85' lang='lat' dir='ltr'><strong>esset,</strong></span> <span class='ocrx_word' id='word_1_195' title='bbox 312 2873 441 2916; x_wconf 88' lang='lat' dir='ltr'><strong>necesse</strong></span> <span class='ocrx_word' id='word_1_196' title='bbox 471 2864 538 2915; x_wconf 87' lang='lat' dir='ltr'><strong>erat</strong></span> <span class='ocrx_word' id='word_1_197' title='bbox 560 2852 684 2917; x_wconf 89' lang='lat' dir='ltr'><strong>mentiri</strong></span> <span class='ocrx_word' id='word_1_198' title='bbox 705 2854 807 2942; x_wconf 85' lang='lat' dir='ltr'><strong>Deos.</strong></span> <span class='ocrx_word' id='word_1_199' title='bbox 865 2853 1011 2917; x_wconf 87' lang='lat' dir='ltr'><strong>Alterum</strong></span> <span class='ocrx_word' id='word_1_200' title='bbox 1033 2876 1112 2940; x_wconf 84' lang='lat' dir='ltr'><strong>ergo</strong></span> <span class='ocrx_word' id='word_1_201' title='bbox 1135 2859 1173 2918; x_wconf 88' lang='lat' dir='ltr'><strong>de</strong></span> 
     </span>
     <span class='ocr_line' id='line_1_26' title="bbox 167 2955 1170 3033; baseline 0.002 -13"><span class='ocrx_word' id='word_1_202' title='bbox 167 2957 215 3020; x_wconf 84' lang='lat' dir='ltr'><strong>his</strong></span> <span class='ocrx_word' id='word_1_203' title='bbox 249 2959 372 3022; x_wconf 88' lang='lat' dir='ltr'><strong>duobus</strong></span> <span class='ocrx_word' id='word_1_204' title='bbox 409 2955 631 3019; x_wconf 88' lang='lat' dir='ltr'><strong>admittendum</strong></span> <span class='ocrx_word' id='word_1_205' title='bbox 663 2967 732 3033; x_wconf 89' lang='lat' dir='ltr'><strong>est,</strong></span> <span class='ocrx_word' id='word_1_206' title='bbox 771 2968 824 3018; x_wconf 89' lang='lat' dir='ltr'><strong>aut</strong></span> <span class='ocrx_word' id='word_1_207' title='bbox 857 2957 960 3021; x_wconf 89' lang='lat' dir='ltr'><strong>omnia</strong></span> <span class='ocrx_word' id='word_1_208' title='bbox 992 2960 1170 3023; x_wconf 83' lang='lat' dir='ltr'><strong>necessario</strong></span> 
     </span>
     <span class='ocr_line' id='line_1_27' title="bbox 170 3057 1168 3146; baseline 0.001 -24"><span class='ocrx_word' id='word_1_209' title='bbox 170 3060 256 3137; x_wconf 85' lang='lat' dir='ltr'><strong>fieri,</strong></span> <span class='ocrx_word' id='word_1_210' title='bbox 281 3072 375 3144; x_wconf 85' lang='lat' dir='ltr'><strong>atque</strong></span> <span class='ocrx_word' id='word_1_211' title='bbox 396 3059 440 3123; x_wconf 87' lang='lat' dir='ltr'><strong>ita</strong></span> <span class='ocrx_word' id='word_1_212' title='bbox 461 3061 496 3122; x_wconf 84' lang='lat' dir='ltr'><strong>u&#39;t</strong></span> <span class='ocrx_word' id='word_1_213' title='bbox 513 3057 615 3122; x_wconf 90' lang='lat' dir='ltr'><strong>aDiis</strong></span> <span class='ocrx_word' id='word_1_214' title='bbox 636 3058 792 3144; x_wconf 86' lang='lat' dir='ltr'><strong>cognosci</strong></span> <span class='ocrx_word' id='word_1_215' title='bbox 812 3060 1012 3144; x_wconf 84' lang='lat' dir='ltr'><strong>praedicique</strong></span> <span class='ocrx_word' id='word_1_216' title='bbox 1033 3061 1168 3146; x_wconf 81' lang='lat' dir='ltr'><strong>possint,</strong></span> 
     </span>
     <span class='ocr_line' id='line_1_28' title="bbox 169 3151 1170 3246; baseline -0.001 -20"><span class='ocrx_word' id='word_1_217' title='bbox 169 3175 223 3238; x_wconf 87' lang='lat' dir='ltr'><strong>aut</strong></span> <span class='ocrx_word' id='word_1_218' title='bbox 246 3165 333 3246; x_wconf 88' lang='lat' dir='ltr'><strong>quod</strong></span> <span class='ocrx_word' id='word_1_219' title='bbox 365 3184 480 3246; x_wconf 87' lang='lat' dir='ltr'><strong>anceps</strong></span> <span class='ocrx_word' id='word_1_220' title='bbox 510 3151 659 3238; x_wconf 52' lang='lat' dir='ltr'><strong>dicitur,x</strong></span> <span class='ocrx_word' id='word_1_221' title='bbox 678 3161 769 3226; x_wconf 86' lang='lat' dir='ltr'><strong>inane</strong></span> <span class='ocrx_word' id='word_1_222' title='bbox 798 3165 878 3226; x_wconf 88' lang='lat' dir='ltr'><strong>esse&#39;</strong></span> <span class='ocrx_word' id='word_1_223' title='bbox 896 3183 1031 3238; x_wconf 87' lang='lat' dir='ltr'><strong>nomeu,</strong></span> <span class='ocrx_word' id='word_1_224' title='bbox 1069 3184 1170 3244; x_wconf 87' lang='lat' dir='ltr'><strong>neque</strong></span> 
     </span>
     <span class='ocr_line' id='line_1_29' title="bbox 171 3264 1170 3350; baseline -0.002 -20"><span class='ocrx_word' id='word_1_225' title='bbox 171 3264 273 3330; x_wconf 86' lang='lat' dir='ltr'><strong>aDiis</strong></span> <span class='ocrx_word' id='word_1_226' title='bbox 296 3275 348 3326; x_wconf 90' lang='lat' dir='ltr'><strong>aut</strong></span> <span class='ocrx_word' id='word_1_227' title='bbox 370 3264 524 3348; x_wconf 84' lang='lat' dir='ltr'><strong>cognosci</strong></span> <span class='ocrx_word' id='word_1_228' title='bbox 546 3277 599 3328; x_wconf 92' lang='lat' dir='ltr'><strong>aut</strong></span> <span class='ocrx_word' id='word_1_229' title='bbox 622 3265 725 3329; x_wconf 88' lang='lat' dir='ltr'><strong>curari</strong></span> <span class='ocrx_word' id='word_1_230' title='bbox 749 3286 829 3348; x_wconf 86' lang='lat' dir='ltr'><strong>quae</strong></span> <span class='ocrx_word' id='word_1_231' title='bbox 852 3265 903 3328; x_wconf 88' lang='lat' dir='ltr'><strong>hic</strong></span> <span class='ocrx_word' id='word_1_232' title='bbox 918 3276 1066 3350; x_wconf 83' lang='lat' dir='ltr'><strong>aguntur.</strong></span> <span class='ocrx_word' id='word_1_233' title='bbox 1095 3266 1170 3330; x_wconf 89' lang='lat' dir='ltr'><strong>Hoc</strong></span> 
     </span>
     <span class='ocr_line' id='line_1_30' title="bbox 172 3355 1243 3454; baseline 0.005 -26"><span class='ocrx_word' id='word_1_234' title='bbox 172 3387 253 3430; x_wconf 90' lang='lat' dir='ltr'><strong>vero</strong></span> <span class='ocrx_word' id='word_1_235' title='bbox 288 3387 357 3430; x_wconf 89' lang='lat' dir='ltr'><strong>cum</strong></span> <span class='ocrx_word' id='word_1_236' title='bbox 389 3387 456 3430; x_wconf 88' lang='lat' dir='ltr'><strong>esse</strong></span> <span class='ocrx_word' id='word_1_237' title='bbox 485 3387 548 3430; x_wconf 91' lang='lat' dir='ltr'><strong>nou</strong></span> <span class='ocrx_word' id='word_1_238' title='bbox 570 3368 689 3450; x_wconf 89' lang='lat' dir='ltr'><strong>possit,</strong></span> <span class='ocrx_word' id='word_1_239' title='bbox 729 3366 852 3432; x_wconf 90' lang='lat' dir='ltr'><strong>tollitur</strong></span> <span class='ocrx_word' id='word_1_240' title='bbox 880 3366 911 3430; x_wconf 94' lang='lat' dir='ltr'><strong>id</strong></span> <span class='ocrx_word' id='word_1_241' title='bbox 939 3370 1026 3448; x_wconf 89' lang='lat' dir='ltr'><strong>quod</strong></span> <span class='ocrx_word' id='word_1_242' title='bbox 1054 3355 1175 3454; x_wconf 76' lang='lat' dir='ltr'><strong>auceps</strong></span> <span class='ocrx_word' id='word_1_243' title='bbox 1239 3393 1243 3406; x_wconf 89' lang='grc'><strong><em>·</em></strong></span> 
     </span>
     <span class='ocr_line' id='line_1_31' title="bbox 170 3470 298 3538; baseline -0.063 0"><span class='ocrx_word' id='word_1_244' title='bbox 170 3470 298 3538; x_wconf 84' lang='lat' dir='ltr'><strong>dicitur.</strong></span> 
     </span>
     <span class='ocr_line' id='line_1_32' title="bbox 633 3576 719 3650; baseline 0 -14"><span class='ocrx_word' id='word_1_245' title='bbox 633 3581 663 3650; x_wconf 87' lang='lat'><strong>§.</strong></span> <span class='ocrx_word' id='word_1_246' title='bbox 688 3576 719 3636; x_wconf 87' lang='lat'><strong>6.</strong></span> 
     </span>
    </p>

    <p class='ocr_par' dir='ltr' id='par_1_3' title="bbox 159 3677 1176 3976">
     <span class='ocr_line' id='line_1_33' title="bbox 159 3677 1169 3760; baseline 0.003 -18"><span class='ocrx_word' id='word_1_247' title='bbox 159 3751 162 3756; x_wconf 49' lang='grc'>,</span> <span class='ocrx_word' id='word_1_248' title='bbox 231 3679 397 3744; x_wconf 86' lang='lat' dir='ltr'><strong>Adversus</strong></span> <span class='ocrx_word' id='word_1_249' title='bbox 431 3677 494 3740; x_wconf 88' lang='lat' dir='ltr'><strong>hoe</strong></span> <span class='ocrx_word' id='word_1_250' title='bbox 530 3689 769 3760; x_wconf 84' lang='lat' dir='ltr'><strong>argumentum,</strong></span> <span class='ocrx_word' id='word_1_251' title='bbox 816 3679 902 3760; x_wconf 88' lang='lat' dir='ltr'><strong>quod</strong></span> <span class='ocrx_word' id='word_1_252' title='bbox 936 3677 1067 3742; x_wconf 83' lang='lat' dir='ltr'><strong>diximus</strong></span> <span class='ocrx_word' id='word_1_253' title='bbox 1101 3703 1169 3746; x_wconf 87' lang='lat' dir='ltr'><strong>esse</strong></span> 
     </span>
     <span class='ocr_line' id='line_1_34' title="bbox 173 3779 1170 3866; baseline 0.005 -22"><span class='ocrx_word' id='word_1_254' title='bbox 173 3781 295 3844; x_wconf 87' lang='lat' dir='ltr'><strong>difficile</strong></span> <span class='ocrx_word' id='word_1_255' title='bbox 324 3792 523 3866; x_wconf 73' lang='lat' dir='ltr'><strong>repugnatur,</strong></span> <span class='ocrx_word' id='word_1_256' title='bbox 562 3780 632 3843; x_wconf 90' lang='lat' dir='ltr'><strong>idco</strong></span> <span class='ocrx_word' id='word_1_257' title='bbox 656 3781 743 3863; x_wconf 88' lang='lat' dir='ltr'><strong>quod</strong></span> <span class='ocrx_word' id='word_1_258' title='bbox 764 3779 945 3846; x_wconf 83' lang='lat' dir='ltr'><strong>confirmari</strong></span> <span class='ocrx_word' id='word_1_259' title='bbox 966 3783 1109 3846; x_wconf 87' lang='lat' dir='ltr'><strong>videatur</strong></span> <span class='ocrx_word' id='word_1_260' title='bbox 1131 3789 1170 3848; x_wconf 86' lang='lat' dir='ltr'><strong>ab</strong></span> 
     </span>
     <span class='ocr_line' id='line_1_35' title="bbox 172 3867 1176 3976; baseline -0.004 -22"><span class='ocrx_word' id='word_1_261' title='bbox 172 3884 239 3972; x_wconf 83' lang='lat' dir='ltr'><strong>ipsa</strong></span> <span class='ocrx_word' id='word_1_262' title='bbox 261 3905 366 3950; x_wconf 89' lang='lat' dir='ltr'><strong>rerum</strong></span> <span class='ocrx_word' id='word_1_263' title='bbox 390 3883 561 3966; x_wconf 84' lang='lat' dir='ltr'><strong>evidentia,</strong></span> <span class='ocrx_word' id='word_1_264' title='bbox 584 3883 634 3948; x_wconf 89' lang='lat' dir='ltr'><strong>cui</strong></span> <span class='ocrx_word' id='word_1_265' title='bbox 648 3896 679 3951; x_wconf 81' lang='lat' dir='ltr'><strong>et</strong></span> <span class='ocrx_word' id='word_1_266' title='bbox 694 3881 925 3976; x_wconf 81' lang='lat' dir='ltr'><strong>vaticinantium</strong></span> <span class='ocrx_word' id='word_1_267' title='bbox 940 3867 1176 3970; x_wconf 36' lang='lat' dir='ltr'><strong>praedictiones*</strong></span> 
     </span>
    </p>
   </div>
   <div class='ocr_carea' id='block_1_3' title="bbox 0 0 1403 4512">
    <p class='ocr_par' dir='ltr' id='par_1_4' title="bbox 0 0 1403 4512">
     <span class='ocr_line' id='line_1_36' title="bbox 0 0 1403 4512; baseline 0 0"><span class='ocrx_word' id='word_1_268' title='bbox 0 0 1403 4512; x_wconf 95' lang='lat' dir='ltr'><strong> </strong></span> 
     </span>
    </p>
   </div>
  </div>
 </body>
</html>
