2694 4508
202 323 249 384 '24

204 484 510 580 ἀκριβολογεῖσθαι
535 491 608 608 περὶ
636 483 700 550 τῶν
720 486 980 606 προειρημένων,
1019 477 1131 549 ίκανόν
1150 479 1222 607 γὰρ

152 639 157 646 =
204 587 250 670 ὡς
268 588 353 682 πρὸς
370 585 413 655 τὰ
429 588 625 679 προκείμενα
642 611 682 653 το
668 583 819 704 ’,δεῖξαι
827 579 891 677 ἐφ’
909 573 953 652 ὧν
973 588 1223 673 σημαινομένων

202 692 247 762 τό
270 689 422 781 ὀνόματα
451 694 683 782 κατηγορεῖται
707 691 751 769 ¹0)
779 684 822 754 τά
846 689 1010 780 ἐιρημένα.
1043 685 1171 756 Ὄντων
1184 692 1222 756 δὲ

203 798 271 865 ’τῶν
294 789 483 882 ἀπότύχης
502 819 536 860 τε
561 800 617 861 καί
637 787 833 880 ἀντομάτως
852 794 1029 880 γινομένων
1044 787 1222 874 τοιούτων,
1244 839 1247 846 «

204 895 249 979 ὡς
261 896 307 987 μὴ
322 899 482 985 γίνεσθαι
497 894 586 964 κατὰ
594 898 842 990 προηγουμένην
855 889 965 962 ἀιτίαν
976 893 1124 986 (τῶνγὰρ
1136 918 1224 963 σπα-

203 1003 280 1082 νίως
298 1004 349 1070 ἐπὶ
370 1008 439 1082 τοῖς
466 997 531 1093 πρὸ
552 995 661 1068 ἀυτῶν
674 992 847 1086 γεγονόσιν
866 993 1084 1066 ἀπαντώντων
1099 1001 1158 1082 ¹¹),
1180 992 1222 1065 τό

204 1118 239 1173 ’τε
253 1107 299 1189 ¹²)
325 1100 516 1194 ἀυτόματον
537 1108 593 1171 καί
614 1097 638 1184 ἦ
664 1097 759 1190 τύχη)
783 1101 853 1180 πῶς
881 1098 923 1169 ἀν
943 1096 1080 1184 σώζοιτό
1101 1127 1134 1170 τι
1156 1102 1224 1170 τῶν

203 1212 465 1300 προειρημένων,
494 1201 576 1274 καθ’
602 1200 661 1284 όύς
685 1200 796 1272 ποίντα
821 1209 1105 1294 προηγησαμένοις
1136 1210 1224 1274 τισίν

205 1307 345 1392 ἀιτίοις,
374 1315 430 1376 καί
451 1311 710 1399 προηγουμένοις
727 1306 761 1386 ἐξ
781 1300 925 1392 ἀνάγκης
943 1308 1014 1375 ἔστι
1027 1333 1065 1402 τε
1079 1306 1122 1375 τά
1140 1305 1224 1376 όντα

204 1418 262 1480 καὶ
279 1410 323 1479 τά
339 1407 495 1500 γινόμενα
515 1412 656 1496 γίνεται,
688 1403 833 1475 έκόστον
848 1409 912 1475 τῶν
925 1412 1101 1496 γινομένων
1115 1407 1225 1479 ἀίτιόν

206 1541 240 1583 τι
256 1514 610 1606 προκαταβεβλημένον
624 1512 754 1600 ἔχοντος
769 1512 831 1591 ¹⁵),
853 1505 893 1578 ὁύ
905 1506 1000 1591 όντος
1014 1508 1034 1594 ἢ
1048 1509 1225 1599 γεγονότος

206 1613 332 1704 ἀνάγκη
350 1623 405 1684 καί
421 1612 504 1684 ἀυτό
519 1611 542 1698 ἢ
559 1617 644 1683 έῖναι
656 1610 679 1697 ἢ
692 1615 871 1702 γίνεσθαι,
892 1611 973 1692 τούς
986 1617 1087 1702 μηδὲν
1104 1613 1226 1707 14)μέν

206 1716 372 1802 σώζοντας
388 1719 453 1786 τῶν
469 1722 726 1811 προειρημένων,
748 1713 817 1786 κατ’
835 1714 940 1785 ἀλλον
953 1721 991 1785 δέ
1007 1741 1097 1797 τινος
1111 1718 1226 1804 τὸτῆς

206 1819 305 1911 τύχης
315 1816 605 1909 νομοθετήσαντες
616 1818 741 1910 όνομας
763 1818 802 1888 τό
812 1818 878 1912 γὰρ
893 1824 936 1902 ¹⁵)
946 1818 991 1909 μὴ
1004 1817 1225 1910 ἀναιρεῖσθαι

207 1929 313 1994 ἐκεῖνα
326 1919 371 2005 3⁶)
386 1920 451 1998 ύπό
465 1926 524 1992 τοῦ
534 1919 644 1992 πάντα
656 1924 690 2006 ἐξ
705 1919 849 2011 ἀνάγκης
861 1926 1021 2011 γίνεσθαι
1031 1930 1222 2015 τιθεμένου,

206 2031 288 2117 μηδὲ
303 2024 362 2110 τὴν
376 2023 476 2115 τύχην
489 2032 546 2094 καί
560 2022 779 2117 ἀναιρεῖσθαι
793 2029 836 2106 ¹⁷)
854 2030 974 2112 λέγειν,
996 2031 1223 2118 σοφιζομένων

207 2131 295 2198 ἐστίν
319 2125 441 2216 ὁμοίως
462 2123 585 2206 ἀυτούς
606 2133 711 2195 τεκαὶ
734 2124 812 2207 τούς
829 2124 1013 2207 ἀκούοντας
1033 2129 1077 2211 ¹⁸)
1105 2126 1224 2202 ἀυτῶν.

136 2317 139 2326 y
203 2226 307 2300 Ὁύτω
318 2227 452 2322 μὲνγὰρ
467 2227 563 2298 ούδὲν
574 2225 713 2298 κωλύσει
724 2232 767 2312 ¹9)
779 2233 883 2318 λέγειν
893 2228 1016 2300 ταυτὸν
1026 2233 1224 2321 έιμαρμένην

207 2360 242 2403 τε
260 2335 344 2400 έίναι
365 2339 420 2400 καί
441 2329 557 2422 τύχην,
589 2340 644 2401 καί
663 2335 824 2402 τοσούτω
848 2331 983 2404 ἀποδεῖν
1007 2341 1056 2420 ²⁰)
1083 2340 1143 2404 τού
1164 2337 1225 2423 τὴν

207 2433 307 2526 τύχην
321 2433 485 2528 ἀναιρεῖν,
507 2432 550 2514 ὡς
567 2441 624 2504 καὶ
637 2431 747 2503 πάντα
763 2434 808 2504 τό
827 2434 983 2560 γινόμενα
999 2439 1045 2523 ²¹)
1062 2442 1223 2527 γίνεσθαι

98 2589 113 2610 ι
207 2536 352 2627 λέγειν’
333 2537 400 2608 απὸ
422 2534 530 2628 τύχης.
568 2534 657 2607 ''An
676 2534 736 2605 ούκ
753 2540 805 2608 ἐπί
822 2542 868 2633 τῷ
882 2537 1029 2630 τόύνομα
1047 2539 1158 2625 σώζει,
1171 2545 1224 2628 τε)

207 2641 324 2726 τὸτῆς
346 2639 445 2732 τύχης
470 2645 556 2731 έῖχον
573 2643 632 2725 τῆν
653 2639 781 2724 ἀιτίαν,
803 2610 872 2711 ἀλί.
896 2645 1005 2711 ἐπὶ
960 2669 1005 2712 τω
1020 2641 1167 2768 ἀναιρεῖγ
1183 2648 1223 2716 τό

207 2742 294 2815 δύτω
314 2747 472 2834 γίνεσθαί
488 2771 585 2828 τινα,
615 2735 659 2814 ἀν
678 2743 718 2813 τό
741 2743 808 2814 ἀπὸ
826 2741 924 2869 τύχης
944 2772 979 2816 τε
1000 2756 1057 2817 καί
1074 2745 1224 2838 ἀυτόμα-

206 2873 266 2917 τον
279 2851 326 2931 ⁸³)
341 2849 502 2967 γίνεσθαι
515 2857 758 2970 κατηγορεῖται
804 2850 845 2916 Τί
866 2848 931 2942 γὰρ
953 2849 1036 2919 ἀλλο
1057 2855 1223 2938 ποιοῦσιν,

211 2957 246 3021 σί
266 2948 327 3035 τὴν
340 2946 439 3040 τύχην
456 2949 560 3020 καὶτὸ
571 2947 762 3076 ἀντόματον
776 2947 1084 3044 όριζόμενοιάιτίαν
1101 2952 1226 3039 ἀδηλον

207 3052 411 3147 ἀνθρωπίνῳ
440 3053 662 3148 λογισμω,”
640 3083 661 3138 η
690 3051 789 3144 τύχης
812 3062 845 3123 τὶ
874 3053 1114 3179 σημαινόμενον
1140 3062 1226 3130 ἴδιον

207 3155 378 3247 ἔισάγουοί
399 3182 435 3225 τε
455 3163 510 3226 καί
523 3161 770 3246 νομοθετούσις
805 3155 845 3226 τό
868 3157 935 3253 γάρ
954 3158 1057 3240 έις
1022 3186 1082 3243 την
1103 3158 1224 3232 τούτου

208 3258 369 3331 σύστασιν
388 3255 638 3386 χρήσασθαι
602 3285 648 3330 τω
632 3263 768 3348 λέγειν
785 3259 878 3341 τινός
892 3257 1086 3352 ἀοτομοίτως
1099 3271 1225 3351 νοσεῖν,

208 3357 291 3434 όταν
303 3353 502 3487 ἀδηλοςῇ
482 3359 631 3446 αυτοῖςη
653 3360 745 3432 ἀντία
765 3365 824 3447 τῆς
840 3360 962 3448 νόσου,
992 3369 1127 3491 ιμεῦδος.
1165 3365 1225 3439 ’οο

208 3464 273 3560 γὰρ
292 3495 335 3548 ως
346 3472 615 3557 ονσηςμεντινος
632 3463 760 3551 ἀιτίας,
782 3463 908 3550 ἀδηλου
926 3466 1006 3538 δὲ’
985 3477 1117 3553 αυτοῖς,
1138 3467 1225 3541 όύτω

208 3575 379 3691 λέγουσιν,
400 3567 471 3640 ἀλλ’
487 3560 576 3665 ἐφ’
550 3595 594 3640 ων
609 3568 772 3652 ἀναιτίως
785 3577 954 3659 γεγονέναι
971 3574 1152 3644 πείθουσιν
1166 3571 1228 3643 ἀυ-

208 3671 306 3755 τούς,
327 3676 379 3744 ἐπὶ
392 3669 517 3743 τούτων
536 3673 577 3743 τό
595 3670 787 3763 ἀυτόματον
808 3677 1059 3796 κατηγοροῦσιν.
1097 3672 1157 3746 ’ου
1174 3681 1229 3746 δεῖ

208 3773 273 3888 γάρ
290 3772 407 3858 ²⁴)6'
373 3803 416 3870 φ
427 3773 466 3844 όν
451 3779 616 3860 ζητοῦσι
639 3775 707 3861 τὴν
725 3775 852 3883 ἀιτίαν,
874 3774 918 3855 ἀς
935 3772 1052 3861 όύσης,
1074 3775 1224 3906 ἀνταμύ-

210 3905 272 3992 τως
290 3876 373 3949 ἀντό
386 3883 552 3968 γεγονέναι
563 3884 699 3968 λέγειν,
709 3861 779 3950 ἀλλ
803 3875 912 3950 όυδ“’”
893 3909 911 3947 ο
929 3883 977 3963 ²⁵)
991 3885 1162 3952 πέπεισταί
1174 3909 1226 3966 τις
