2754 4510
253 309 313 374 238

251 477 351 572 χαριῇ
373 477 410 542 τέ
427 497 486 562 μοι
507 469 551 541 τά
570 474 786 566 μέγιστακαὶ
805 465 1003 560 μεγάλων’
982 449 1130 561 αποριιῦν
1151 465 1272 538 ἀπαλι
1356 493 1358 506 ⁴

252 575 367 662 Mae
374 675 656 748 ὈΠΛΗΘΩΝ
684 676 775 745 ΤΩΙ
797 673 1131 744 ΒΗΣΣΑΡΙΩΝΙ.

313 787 412 874 Περὶ·Ι
419 783 476 862 τῆς
497 782 704 870 έιμοιρμένης
711 774 813 865 λόγου
835 775 894 866 οῦγ
915 773 987 846 όῖόν
1007 802 1042 844 τε
1063 774 1124 858 τὴν
1140 777 1265 868 έιμαρ-

251 888 353 975 μένην
371 889 426 952 καὶ
444 879 587 950 ὁθενοῦν
607 882 671 949 τῶν
690 877 1050 1000 μελλόντωνέξελεῖν,
1035 881 1169 948 εκείνοιν
1187 885 1266 1000 τοῖγ

252 984 450 1110 ἀξιωμάτων
475 991 530 1070 καὶ
556 981 685 1105 ἀμφοῖν
707 986 861 1073 έμπέδοιν
877 979 1061 1104 μενόντοιν,
1097 983 1200 1050 τοῦτο
1222 973 1266 1049 ἱέ-

252 1118 318 1160 παν
340 1087 463 1171 ἀὶτιον,
484 1079 555 1170 ό,τι
576 1083 617 1154 ἀν
639 1089 723 1180 δρῷ,
752 1084 812 1154 σῦν
830 1082 955 1182 ἀνάγκη
977 1111 1027 1153 τε
1035 1111 1092 1154 και
1085 1081 1262 1208 ὡρισμέ-

252 1219 314 1274 νως
338 1195 436 1286 δρᾷν,
468 1196 541 1260 καὶ
556 1190 615 1258 τοῦ
643 1193 709 1257 πάν
735 1186 775 1255 τό
806 1184 991 1276 γινόμενον
997 1183 1047 1256 ὑπ’
1076 1184 1189 1256 ἀιτὶου
1218 1183 1263 1256 ἀν

252 1321 341 1375 τινος
365 1297 554 1382 γίγνεσθαι.
591 1289 823 1384 Αριστοτελης
845 1299 905 1379 μ
926 1288 991 1382 γὰρ
1018 1293 1050 1360 ἐν
1079 1297 1150 1370 τοῖς
1176 1287 1262 1379 μετά

190 1447 194 1458 ·
237 1388 295 1468 ’τά
315 1393 456 1492 φυσικὰ,
493 1392 557 1490 τὴν
584 1390 649 1462 ἀπὸ
679 1390 810 1463 τούτοιν
838 1391 1048 1486 συνεωρακώς
1066 1399 1139 1462 τοῖν
1164 1391 1263 1476 ἀξιω-

252 1498 379 1594 μάτοιυ,
393 1495 558 1585 ἀνάγκην,
580 1502 636 1565 καὶ
657 1493 700 1576 ὡς
723 1499 874 1622 έμπέὸσιν
898 1503 955 1565 καὶ
975 1494 1130 1622 ἀμφοιυ
1126 1492 1262 1565 τοῦτοιν

251 1599 436 1696 μενόντοιν,
458 1596 669 1670 κινὸυνεέει
653 1625 687 1666 εκ
712 1602 776 1668 τῶν
798 1602 968 1726 ἐσομένων
980 1598 1019 1667 τὸ
1041 1597 1086 1666 ἐπ’
1109 1595 1262 1693 ἀμφότε·

253 1737 298 1803 ρα
318 1701 524 1796 ἐνδεχόμενον
545 1700 721 1801 (γ’χεσθαι
753 1699 809 1771 ιὐα
826 1701 871 1790 μὴ
894 1701 933 1771 τό
953 1706 1076 1822 έαυτορ
1057 1698 1262 1791 ἐνδεχόμε-

252 1836 310 1882 νον
326 1807 491 1930 ἀπολέσῃ,
523 1803 673 1931 θάτερον
693 1812 764 1877 τοῖν
786 1803 986 1894 ἀξιωμάτοιν
1007 1801 1142 1874 τούτοιν
1163 1803 1261 1874 ἀναι-

253 1921 317 2038 ρεῖ,
340 1916 423 1982 έῐναι
443 1909 535 1978 άττα
549 1911 614 1978 τῶν
627 1913 825 1999 γιγνομέιωιν
842 1907 956 1991 ἀξιοῦν,
976 1915 1032 1977 καὶ
1050 1905 1128 1978 ἀνευ
1149 1905 1261 1976 ἀιτίου

253 2016 392 2087 ὁτουοῦν
400 2009 600 2137 γιγνόμενα,
622 2014 754 2098 γελοίως
774 2009 813 2079 τὸ
837 2041 862 2098 μ
864 2020 897 2079 ν
920 2015 1002 2080 πάσι
1023 2007 1185 2080 δοκοῦν
1164 2037 1261 2080 αναι-

253 2123 358 2242 ρῶν,
374 2116 412 2184 τὸ
438 2111 511 2184 6
493 2113 557 2182 υπὸ
589 2116 746 2182 πλείστων
775 2110 1073 2201 ἀντιλεγόμενον
1051 2142 1094 2194 ως
1119 2115 1260 2204 ἔμπεδον

117 2247 120 2259 ’
205 2253 209 2258 ·
253 2227 357 2314 έαυτφ
341 2221 562 2306 τιθέμενος.
597 2215 738 2307 Ἰὃωμεν
759 2221 795 2286 δὲ
820 2225 875 2318 και
897 2210 980 2286 ὅπου
1004 2215 1043 2285 τὸ
1068 2213 1113 2286 ἐπ’
1145 2213 1259 2314 ἀμφό-

252 2350 332 2417 τερα
351 2323 449 2395 τοῦτο
474 2315 677 2409 ἐνδεχόμενον
696 2327 751 2388 καὶ
778 2312 990 2415 ἀμφέρῥοπον
1015 2325 1047 2388 οἱ
1067 2318 1259 2413 Ἀριστοτέ

252 2423 341 2498 λα’
325 2426 419 2495 οῦτοι
438 2425 698 2517 συνηγοροῦντες
729 2421 923 2506 ἀξιοῦσιν
908 2429 1000 2493 εῖναι
1046 2421 1097 2492 ’Ec
1127 2421 1193 2516 γάρ
1223 2428 1258 2492 ἐν

252 2559 291 2628 τη
276 2523 508 2620 βουλήσει
489 2528 579 2616 ημῶν
599 2524 681 2595 ἀυτὸ
704 2523 905 2609 ἀξιοῦσιν’“
872 2552 973 2616 ειναι,
1006 2519 1091 2596 ὅπου
1118 2532 1173 2594 και
1198 2530 1256 2594 60·

253 2637 367 2704 νοοῦσιν
387 2628 470 2700 ἀοτὸ
491 2628 730 2712 τίθεσθαι,’
708 2658 729 2713 η
746 2654 880 2724 φαντων
900 2622 989 2712 ¹⁴J‘
971 2628 1036 2712 υπὸ
1053 2627 1236 2720 μηδενὸς’
1214 2656 1255 2700 αν

253 2734 361 2806 ἀιτὶου
389 2733 450 2818 τὴν
476 2729 679 2822 βούλησιν
660 2735 750 2852 ημῶν
781 2738 969 2854 κινεῖσθαι,
1004 2729 1119 2800 ἀλλ’1
1103 2735 1174 2816 εικῆ
1199 2740 1255 2802 καὶ

252 2836 373 2960 μάτηγ
405 2833 460 2906 ἵνα
483 2835 529 2919 δὴ
554 2843 609 2905 και
638 2839 735 2905 τοῦτο
765 2833 803 2903 τό
833 2833 950 2926 σεμνόν
975 2838 1014 2932 τῆ
1043 2838 1156 2960 φυγῇ
1163 2832 1252 2925 ἡμῶν

251 2933 459 3036 περιάψωσι,
494 2942 703 3027 ματαίοτητα
735 2938 818 3036 ἀυτῇ
845 2943 1054 3033 περιθέντες·
1090 2937 1175 3023 ἢῆν
1201 2936 1250 3008 ῦπ

216 3093 221 3108 .
254 3044 394 3136 ἀγαθοῦ
425 3038 520 3120 όντος
547 3040 568 3124 ἢ
592 3050 647 3111 καὶ
677 3048 877 3138 φαινομένου
902 3041 961 3126 την
982 3038 1253 3132 βοόλησινημῦν

254 3140 488 3240 συγχωρήσωσι
512 3151 698 3228 κινεῖσθαι,
728 3139 829 3232 ὥςπερ
851 3169 916 3214 που
944 3149 999 3213 καὶ
1024 3148 1179 3240 φαίνεται
1204 3171 1252 3214 κω

253 3256 411 3339 νουμένη,
442 3243 567 3334 ἀνάγκη
603 3245 716 3328 ἀστοῖς
746 3255 802 3316 καὶ
838 3247 897 3318 σὺν
924 3245 1049 3343 ἀνάγκη
1081 3255 1258 3341 συγχωρεῖν

253 3360 434 3424 κινεῖσθαι.
481 3349 548 3434 Τὴν
571 3359 632 3442 μέν
653 3348 712 3420 ὀῦν
735 3348 893 3440 βούλησιν
915 3348 1004 3441 ἡμῶν
1026 3348 1086 3420 οὐκ
1109 3349 1150 3420 ἀν
1171 3355 1250 3420 ε’ῖναι

254 3454 482 3538 ἀυτοκίνητον,
503 3456 574 3543 Ιμ’έγε
596 3449 660 3522 ὑπὸ
684 3456 744 3523 τοῦ
765 3456 968 3549 φρονοῦντος
986 3451 1077 3544 ἡμῶν
1098 3461 1153 3522 καὶ
1172 3453 1250 3540 ἀγα-

253 3561 327 3629 θοῦ
347 3559 501 3652 φαίνεται
516 3561 705 3647 κινουμένη,
735 3555 794 3642 τὴν
813 3553 842 3626 6'
863 3549 942 3641 όλην
957 3554 1047 3647 ἡμῶν
1067 3555 1178 3652 φυγὴν
1195 3554 1251 3626 ἀυ-

254 3665 423 3745 τοκένητον
454 3663 552 3749 έῖναη,
588 3663 634 3754 τῷ
668 3665 759 3756 μέρει
794 3663 911 3743 ἑαυτῆς
942 3657 982 3728 τό
1013 3658 1129 3728 λοιπὸν
1155 3657 1252 3744 ἀυτῆς

246 3771 362 3842 κινεῖν.
403 3759 517 3832 Ἤπου
535 3769 591 3832 καὶ
607 3759 840 3857 Ἀριστοτέλης
852 3760 948 3846 ’ἀξιοῖ
965 3764 1192 3832 συνίστασθαι
1215 3763 1252 3834 τό

261 3865 472 3950 ἀυτοκὶυητσυ
504 3863 559 3949 (οῦ
590 3865 654 3961 γάρ
680 3864 755 3958 οὐδ’
783 3864 1031 3963 Ἀριστοτέλης,
1075 3869 1108 3935 έν
1141 3862 1190 3947 όῖς
1219 3871 1252 3938 έῦ
