2790 4512
1120 269 1179 377 'iss

176 486 250 569 ipsis
280 481 485 566 inscieuv'bns
518 494 549 546 et
581 481 694 548 artium
721 481 840 568 ignaris
869 484 1053 547 aFortnna
1074 496 1178 550 erunt.

173 590 247 654 Non
269 586 353 654 enim
376 585 432 670 qui
451 585 544 648 faber
564 606 629 650 non
651 595 716 677 cst,
747 606 853 648 rerum
874 585 1032 650 fabrilium
1055 607 1178 650 causam

171 691 282 766 novit,
306 709 411 772 neque
433 687 488 771 qui
508 681 574 752 no'n
596 699 644 751 est
665 689 819 764 musicus,
843 688 1053 766 musicarum,
1076 709 1178 772 nequo

171 795 247 858 alius
268 793 351 857 nllus
374 790 452 854 artis
473 789 604 876 ignarus
626 812 664 854 ea
685 811 765 874 quae
795 813 837 855 ex
865 803 933 856 arte
954 791 1033 854 fiunt
1055 813 1178 877 cogno*
1202 865 1206 877 ι

170 896 240 961 scit.
283 897 349 960 Ars
383 893 467 958 enim
497 893 531 958 in
559 892 742 979 cognitione
771 915 900 972 eorum,
940 914 1021 978 qnae
1049 915 1089 958 ex
1111 906 1178 958 arte
1205 900 1208 911 “

169 1001 268 1077 liunt,
292 997 448 1064 consistit.

529 1166 612 1252 cap.
645 1165 817 1232 xnvnu.

595 1293 641 1346 De
659 1294 746 1347 Fato.

234 1411 283 1478 De
301 1411 382 1476 Fato
403 1411 666 1476 considerandum
686 1423 735 1475 est
751 1430 789 1475 ac
808 1411 1061 1496 perspiciendum
1084 1414 1175 1500 quid·

171 1535 240 1578 nam
258 1515 298 1578 sit
319 1527 351 1578 et
371 1514 405 1579 in
427 1514 554 1597 quibus.
599 1517 681 1579 Esse
701 1515 782 1578 enim
805 1517 919 1580 Fatum
937 1517 1011 1579 satis
1034 1539 1175 1580 commu·
1209 1583 1211 1587 ,

167 1619 215 1683 nis
239 1619 403 1684 bominum
434 1617 615 1699 anticipatio
644 1619 794 1682 declarat.
853 1621 976 1708 Natura
1004 1620 1085 1682 enim
1111 1642 1176 1684 non

167 1733 216 1785 est
238 1743 320 1786 vana
341 1741 445 1804 neque
471 1719 643 1783 uintabilis.
706 1722 833 1802 Quippe
858 1723 1074 1807 Anaxagorae
1098 1724 1175 1785 fides

165 1827 252 1888 hand
287 1836 337 1888 est
364 1823 508 1886 habenda
518 1829 533 1898 ‚'
572 1824 626 1907 qui
655 1824 813 1887 communi
841 1825 983 1907 opinioni
1017 1825 1176 1910 refragari

167 1949 264 1992 ausus
295 1936 356 1990 est.
398 1925 455 1992 Ait
483 1926 565 1989 enim
578 1927 666 1989 mihil
691 1947 759 1989 esse
783 1927 885 2008 ipsum
904 1928 1017 1990 Parnm
1038 1928 1175 2008 penitus,

165 2034 222 2094 aed
247 2051 363 2095 vanum
388 2049 458 2092 csse
481 2051 517 2092 ac
531 2029 731 2093 temerarium
751 2029 784 2092 id
799 2029 948 2094 nominis.
993 2030 1078 2112 Quid
1095 2052 1175 2095 vero

166 2135 206 2198 ait
238 2135 353 2198 Fatum
381 2143 413 2196 et
441 2132 474 2196 in
510 2134 623 2217 quibus
652 2145 815 2208 versetur,
854 2134 1027 2199 communis
1065 2135 1175 2218 opinio

169 2237 244 2302 satis
266 2238 427 2319 explicare
448 2257 513 2300 non
531 2248 657 2318 potest:
680 2259 783 2320 neque
804 2237 886 2308 enim
906 2259 1013 2300 secum
1034 2238 1095 2319 ipsi
1120 2259 1175 2302 ne·
1206 2237 1209 2243 ’

171 2361 234 2423 «pre
252 2361 321 2403 carm
340 2341 410 2403 alnis
437 2343 476 2405 de
497 2342 557 2407 bac
578 2361 614 2404 re
634 2341 806 2404 convenire
823 2354 978 2422 possunt;
1007 2343 1094 2405 iuxta
1120 2363 1180 2406 oc-.
1252 2366 1258 2375 ·

169 2443 310 2508 casiones
336 2443 420 2507 enim
450 2452 482 2507 et
505 2443 753 2506 circumstantias
778 2444 964 2508 sententiam
986 2465 1114 2528 quoque
1137 2447 1175 2508 de

169 2548 252 2612 Fato
277 2558 410 2610 mutant.
454 2547 653 2630 Quandoque
682 2545 763 2608 enim
784 2567 852 2608 rem
880 2547 1122 2629 insuperabilem
1145 2542 1177 2609 et

169 2650 379 2713 inevitabilem
401 2650 515 2716 Fatum
541 2669 610 2712 esse
635 2660 793 2725 statuunt,
824 2659 856 2712 et
878 2650 982 2714 omnia
1003 2649 1085 2713 entia
1105 2672 1173 2713 om-

169 2752 281 2836 niaque
301 2773 383 2836 quae
407 2752 508 2828 fiunt,
539 2753 622 2816 Fato
647 2752 826 2815 subiiciunt.
871 2752 1071 2837 Quandoque
1091 2775 1172 2819 vero

169 2875 226 2920 eos
246 2856 354 2918 audire
375 2855 449 2918 licet
469 2854 605 2918 dicentes
628 2855 746 2938 aliquid
770 2868 898 2936 praeter
919 2857 1033 2920 Fatum
1055 2877 1123 2920 esse
1141 2869 1173 2921 et

166 2970 294 3042 praeter
317 2960 467 3024 Parcam.
521 2959 566 3022 Et
597 2979 691 3042 quam
720 2959 899 3040 saepissime
925 2960 1039 3044 quibus
1070 2981 1172 3044 neque
1225 3031 1228 3036 ,

165 3063 296 3128 sorriana
321 3063 433 3124 dextre
452 3061 552 3138 cadit,
583 3082 685 3144 neque
703 3062 833 3126 consilia
859 3075 911 3127 aut
935 3064 1067 3146 propria
1092 3085 1171 3144 pro·
1256 3121 1260 3134 ,

165 3165 272 3248 posita
297 3164 515 3241 stabiliuntur,
560 3167 600 3226 ad
631 3166 745 3234 Fatum
775 3176 923 3252 tanquam
951 3170 992 3230 ad
1015 3169 1172 3249 quoddam

167 3269 289 3348 asylum
306 3267 511 3352 confugiunt,
542 3279 574 3330 et
592 3268 716 3351 culpam
737 3291 866 3347 rerum,
891 3292 971 3354 quae
996 3291 1061 3333 non
1083 3282 1169 3334 recte

167 3383 323 3459 geruntur
337 3383 390 3434 aut
409 3383 517 3456 gestae
531 3374 570 3434 ab
588 3371 664 3454 ipsis
686 3384 776 3449 sunt,
808 3393 874 3437 asc
891 3373 922 3436 in
940 3373 1054 3436 Fatum
1068 3383 1172 3437 trans-

165 3479 292 3552 ierunt,
324 3487 355 3538 et
383 3474 487 3538 omnia
507 3474 530 3538 ii
551 3487 626 3538 tunc
653 3476 807 3538 affirmant
827 3476 898 3538 fieri
921 3479 1091 3540 secumdum
1109 3479 1172 3544 Fa-

164 3591 253 3654 turn;
291 3577 357 3644 Ubi
378 3599 459 3641 vero
479 3578 608 3644 fortuna
629 3579 662 3642 in
682 3579 792 3642 melius
813 3578 982 3656 ceciderit,
1019 3601 1084 3646 non
1106 3603 1172 3646 am-

164 3684 247 3768 plios
285 3681 318 3746 in
353 3683 462 3744 eadem
495 3681 648 3746 sententia
672 3693 808 3744 manent.
871 3682 994 3772 Quibus
1019 3705 1098 3750 vcro
1130 3708 1172 3750 ex

165 3784 319 3850 sententia
341 3783 458 3870 aliquid
479 3784 608 3848 cesserit
633 3807 651 3850 a
675 3785 826 3862 fortuna,
861 3785 922 3849 sibi
946 3786 1054 3870 potius
1078 3809 1171 3872 quam

164 3891 249 3956 Fato
275 3909 401 3950 causam
425 3887 508 3954 illius
534 3887 580 3952 rei
606 3887 798 3952 adscribunt.
844 3887 909 3954 Alil
929 3901 1001 3954 sunt
1026 3891 1080 3974 qui
1102 3913 1171 3956 om·
