2718 4506
273 335 333 396 311

273 503 327 584 16)
356 497 429 578 τὰς
450 494 761 578 ἀνοσιωτάτας]
784 500 893 564 Lond.
917 493 1252 588 τὰςάνοοιωτάτονς.

258 608 327 694 ,17)
356 598 515 691 πατρὸς
537 597 614 668 ἀπὸ
636 599 791 680 παιδὸς
812 596 1053 690 ἀναιρέσει]
1077 601 1130 664 Sic
1146 603 1225 666 Ald.
1242 607 1268 664 1.

356 719 387 770 et
402 707 509 770 Lond.
533 707 625 772 bene.
650 706 726 768 Ald.
744 706 775 766 2.
801 718 831 768 et
853 703 960 769 Casel.
983 707 1112 792 πατέρα
1134 712 1196 792 μὲν
1212 701 1269 772 ἀπὸ

355 805 474 886 παιδὸς
495 803 726 900 ἀναιρεθῆναι.
769 808 843 889 (0.)

273 913 328 994 18)
357 907 525 1004 ἀδελφῷ
546 915 614 976 καὶ
636 910 794 1002 πατρὶ]
826 913 878 976 Sic
901 916 1007 980 Havn.
1032 913 1167 996 optime.
1191 915 1268 977 Edd.

306 1089 311 1102 ι
357 1010 508 1106 ἀδελφῶν
528 1017 584 1080 καὶ
605 1017 713 1104 πατρὶ.
735 1015 808 1096 (Ο.)
831 1018 931 1082 Recte
945 1020 1076 1081 haberet
1092 1016 1188 1080 eliam
1201 1018 1270 1084 παί-

355 1121 419 1186 δων
440 1112 590 1210 ἀδελφῶν
610 1117 721 1204 πατρί.
763 1119 909 1201 (Οοεραν
931 1120 1051 1197 Orell.)
1188 1118 1192 1124 ’

274 1223 327 1303 19)
356 1216 559 1310 ἐμπόδια]
604 1221 652 1286 Ita
676 1219 761 1285 Cod.
785 1221 892 1284 Havn.
931 1223 969 1286 In
991 1245 1094 1309 marg.
1120 1224 1269 1310 ἰμποδιεῖ.

355 1328 448 1410 idque
471 1327 637 1387 admodum
652 1324 774 1414 xplacet.
819 1323 892 1404 (Ο.)

273 1432 326 1508 20)
354 1424 460 1518 aneni
481 1420 625 1504 πόλεις
647 1451 687 1512 τε
713 1431 783 1514 κα)
810 1425 965 1512 νομοὺς
993 1425 1185 1512 οἰκήσει]
1227 1432 1270 1495 lla

356 1532 463 1594 Lond.
495 1550 586 1611 quem
615 1541 738 1592 secutus
761 1551 846 1606 sum,
890 1535 924 1599 in
946 1531 1083 1607 nedibus
1104 1543 1138 1596 et
1159 1536 1266 1614 pagis.

339 1691 340 1696 ,
358 1632 507 1696 Grotius:
534 1634 741 1724 dubitationi
757 1652 818 1711 per
839 1632 967 1716 oppida
989 1635 1091 1696 iuxta
1113 1634 1207 1720 leges
1230 1633 1269 1694 le-

285 1796 287 1800 ,
357 1758 434 1821 gens
456 1731 541 1802 κατὰ
562 1728 671 1810 πόλεις
693 1756 725 1797 τε
748 1737 803 1798 καὶ
824 1728 954 1816 νόμους.
997 1731 1070 1812 (0.)

274 1843 327 1919 21)
353 1831 534 1925 γοναῖκά
554 1834 667 1914 τινα]
702 1836 861 1897 Medeam.
906 1834 979 1915 (0.)

271 1944 325 2022 22)
353 1933 605 2010 πιοτεάονσι
626 1931 696 2018 δὴ]
741 1937 793 2000 Sic
815 1936 896 2001 edidi
918 1959 959 2000 ex
982 1937 1091 2028 Havn.
1117 1941 1202 2008 Edd.
1222 1968 1293 2010 m„

354 2040 505 2124 anatinam
528 2044 572 2108 δέ.
616 2042 690 2122 (0.)
1028 2121 1033 2134 Ι

272 2148 325 2226 23)
355 2174 374 2227 η
396 2152 486 2224 τοῖς
508 2138 861 2238 ὁάιωςιάτόποις]
889 2142 941 2238 δίε
956 2143 1037 2211 edidi
1058 2167 1120 2228 pro
1146 2143 1185 2214 οὐ
1208 2153 1272 2227 τοῖς

350 2235 461 2325 'deleme
482 2235 628 2324 ἀτόποις.
654 2246 727 2327 (Ο.)
827 2232 830 2240 ’

593 2419 595 2428 ’
660 2437 744 2477 cna.
775 2417 883 2478 xx'xn.
908 2419 911 2426 '

294 2562 326 2640 1)
355 2547 425 2626 ἀοῖ
447 2581 513 2625 τοι
535 2561 752 2648 δυναμένῳ
776 2553 821 2620 τὸ
843 2553 887 2622 οὐ
911 2559 1105 2647 φρονεῖν]
1129 2559 1272 2624 lnAldi·

355 2664 402 2726 nis
426 2665 513 2727 abest
538 2657 587 2728 od.
632 2660 684 2723 Sic
707 2673 737 2722 et
760 2661 866 2722 Havn.
891 2660 945 2746 qni
965 2660 996 2723 in
1018 2663 1160 2746 margine
1182 2666 1273 2728 habet

356 2769 504 2830 Glossam
526 2766 558 2830 ἐν
580 2765 692 2848 μηδενὶ
714 2749 814 2843 ἦντὸ
837 2767 972 2852 φρονεῖν
993 2759 1103 2855 φύσει.
1132 2765 1274 2830 Caselius

358 2868 511 2952 expungit
534 2861 582 2956 τρ,
627 2865 710 2930 Mihi
731 2867 897 2950 legendnm
921 2866 1044 2928 videtur
1066 2867 1122 2950 nni
1145 2893 1198 2935 τοι
1219 2871 1274 2936 δυ.

355 2951 487 3060 nannai
504 2959 577 3035 τότε
607 2964 644 3034 οὐ
668 2976 810 3059 φρονεῖν.
856 2968 1004 3051 Sequimi-
1033 2970 1113 3032 enim
1142 2957 1184 3051 ἦν
1211 2969 1274 3060 γὰρ

357 3069 398 3143 δν
420 3077 475 3166 μοὶ
497 3073 555 3137 τοῦ
576 3072 633 3138 νῦν
653 3067 697 3164 μὴ
721 3075 853 3162 φρονεῖν
875 3065 995 3160 κύριος.
1017 3071 1091 3152 (0.)
1125 3074 1274 3140 Retinen-

357 3179 429 3240 dum
445 3173 518 3236 mihi
535 3173 658 3234 videtin
674 3186 708 3236 nt
730 3173 938 3236 necessarium
959 3170 1023 3258 μὴ,
1044 3176 1274 3268 legendumque

355 3280 410 3346 κοί
432 3303 485 3344 τοι
506 3271 551 3362 μὴ
574 3277 741 3365 δυναμένῳ
764 3270 837 3342 τότε
851 3343 853 3350 ⁴
867 3271 904 3341 οὐ
928 3282 1070 3368 φρονεῖν.
1129 3277 1275 3369 (Qaspnr

287 3379 290 3386 ’
356 3383 478 3458 orell.)
753 3389 755 3394 “
940 3407 945 3418 ¹

292 3489 324 3565 2)
347 3487 416 3550 καὶ
445 3479 491 3548 δι’
523 3475 569 3562 liv
591 3476 1092 3581 προειρήκαμενάιιίοιν]
1138 3482 1275 3548 Aldinae

356 3599 387 3649 et
410 3584 515 3649 Casel.
541 3584 687 3648 omittunt
710 3583 773 3650 καί.
805 3582 953 3648 Celerum
978 3597 1089 3670 aneton
1112 3607 1148 3648 ea
1172 3588 1273 3669 respi-

267 3681 271 3688 ’
356 3689 398 3752 cit
420 3710 498 3771 quae
521 3687 598 3750 dixit
620 3709 714 3768 supra
738 3685 778 3750 C.
802 3671 899 3752 XIV.
938 3688 1011 3767 (Ο.)
1064 3690 1179 3754 Paullo
1203 3701 1274 3752 ante

353 3814 415 3874 pro
450 3782 550 3878 ὥςπερ
584 3792 617 3854 δὲ
648 3791 705 3855 τοῦ
734 3793 893 3874 γενέσθαι
923 3790 992 3856 dedi
1027 3781 1128 3881 ὥςπερ
1150 3788 1190 3872 δὴ
1215 3794 1275 3860 τοῦ

354 3897 523 3976 γενέσθαι.
566 3893 678 3972 (Casp.
700 3893 818 3968 Orell.)
