2748 4514
239 389 299 452 102

237 581 291 624 τοι
313 553 430 647 μακρῷ
457 555 588 639 βέλτιον
616 535 657 635 ἦν
685 556 739 620 καλ
769 551 1067 640 ἐορπιωμονέστερον
1100 537 1248 638 ἀναιρεῖν

236 657 299 738 τὰς
316 654 499 735 ὑποθέσεις
515 653 572 723 διὰ
592 652 653 738 τὴν
673 657 737 722 τῶν
761 655 925 740 ἑπομένων
946 647 1065 730 ἀσταῖς
1089 647 1247 732 ἀτοπίαν,

236 759 258 845 6
280 766 349 840 τοῖς
367 755 471 838 ὑὺτως
494 754 633 837 ἀτόποις
654 756 704 838 23)
724 753 780 824 διὰ
797 753 858 834 τὰς
881 751 1065 834 ὑποθέσεις
1086 755 1249 846 παρίστα-

239 869 340 932 σθαι.
387 861 426 930 (λλ
443 865 478 930 δέ
499 856 767 930 καὶπιστεύοοσι
792 863 862 938 τοῖς
883 853 1112 936 ἀτοπωτάτοις
1129 857 1250 949 ῥαδίως
1298 859 1301 868 ’

238 971 295 1034 καί
316 965 376 1035 τοὺ
397 960 603 1052 κατὰλόγον
624 961 711 1031 ἀυτά
733 966 895 1051 γενέσθαι
916 957 1025 1040 ἀιτίας
1039 958 1133 1040 τινὰς
1146 963 1250 1048 λέγειν

239 1065 299 1138 οὑκ
322 1065 483 1138 ὀκνοῦσιν.

297 1271 405 1344 Ἀλλά
433 1274 498 1341 τῶν
525 1281 587 1361 μὲν
619 1268 778 1340 τοιούτων
805 1263 889 1351 ύίλις.
940 1265 1075 1340 Ἱκανόν
1102 1267 1168 1362 γὰρ
1200 1263 1248 1362 ἐφ’

218 1371 378 1447 ·εἰωίστου
396 1371 436 1442 τὸ
458 1377 672 1457 ἐνδείξασθαι
693 1371 752 1458 τὴν
767 1377 827 1459 τῆς
847 1370 985 1457 δόξης’
965 1373 1117 1442 ατοπίοιν.
1160 1369 1251 1441 Ixa-

238 1482 299 1559 νῶς
324 1474 393 1547 δ”
377 1485 471 1567 οἶμαι
489 1479 703 1560 δεδηλῶσθαι
724 1479 792 1554 πῶς
815 1479 944 1597 λένετριι
964 1472 1003 1542 τό
1028 1478 1080 1543 ἐπί
1102 1475 1149 1542 τῶ
1168 1499 1251 1570 φρο-

237 1584 320 1675 νίμῳ
346 1584 429 1649 ἐῖναι
460 1577 499 1647 τὸ
529 1586 679 1674 φρονεῖν,
714 1581 772 1647 καί
796 1603 849 1647 τοι
873 1576 921 1668 μὴ
949 1580 1117 1698 δυναμένῳ
1147 1573 1187 1644 τὸ
1213 1576 1249 1645 06

238 1689 373 1779 φρονεῖν
409 1679 449 1766 ¹).
514 1681 560 1752 06
588 1682 652 1802 γὰρ
679 1675 732 1751 ὅτι
752 1683 811 1750 νῦν
840 1673 893 1749 ὅτε
924 1684 992 1749 ἐστὶ
1017 1676 1185 1774 φρόνιμος
1204 1682 1251 1746 ἐπ·

240 1785 330 1880 ἀντῷ
360 1784 398 1854 τὸ
431 1790 517 1854 ἐῖναι
544 1783 683 1878 τοιούτῳ
711 1785 765 1869 (ἢν
795 1782 859 1876 μάρ
893 1780 935 1852 ἀν
959 1791 1017 1851 και
1038 1783 1098 1851 τοὺ
1125 1786 1187 1852 νῦν
1206 1783 1251 1874 με)

239 1895 375 2011 φρονεῖ-ν
400 1886 528 1982 κύριος)
557 1885 669 1956 ἀλλ”
651 1915 703 1957 οτι
729 1885 794 1980 πρὸ
816 1888 877 1955 τοῦ
901 1889 1053 1965 τοιοῦτος
1072 1891 1253 1974 γενέσθαι,

241 1996 323 2081 ἐῖχεν
348 1985 455 2083 ῶσπερ
487 1991 527 2074 66
548 1992 608 2059 τού
633 1995 816 2078 γενέσθαι,
858 1985 944 2058 ὁύτω
972 1992 1007 2057 δέ
1036 1995 1092 2056 καλ
1121 1991 1184 2058 τοῦ
1208 1984 1252 2078 μὴ

238 2099 401 2181 γενέσθαι
421 2097 573 2171 τοιοῦτος
596 2090 656 2174 τὴν
681 2093 845 2174 ἐξουσίαν,
882 2098 938 2160 καὶ
926 2088 1003 2160 ὶδῖ
1032 2085 1071 2174 ἣν
1041 2085 1253 2212 ρπροειρὴ

238 2213 341 2284 καμεν
358 2192 469 2264 ἀιτίαν
493 2189 527 2277 ⁹)
548 2191 632 2285 πρὸς
650 2220 689 2262 το
677 2191 865 2282 γενέσθαι
880 2197 1033 2274 τοιοῦτος
1052 2190 1255 2286 συνήργησεν

240 2294 340 2366 ἀυτῶ.
378 2294 510 2365 Ἕπὶὸἐ
496 2299 596 2365 ἐτῶν
617 2300 708 2366 θεῶν
730 2295 830 2365 οὐκέτ’
855 2295 896 2366 ἀν
922 2294 961 2365 τὸ
983 2301 1067 2366 ἐῖναι
1088 2291 1255 2377 τοιούτοις

240 2368 384 2493 (ὑπίρ
363 2425 405 2484 ην
426 2396 531 2469 καῖ’
511 2397 594 2468 αυτό
619 2404 653 2468 ἐν
673 2405 742 2480 τοῖς
768 2397 818 2468 ὑπ’
846 2402 972 2469 ἐκείνων
992 2397 1254 2518 ἀπορουμένοις)

240 2495 294 2571 ὅτι
310 2499 400 2622 μρίρ
396 2507 485 2572 ἐστιν
503 2499 610 2572 ἀυτῶν
621 2497 661 2571 ἐν
682 2506 721 2598 τῇ
740 2499 894 2624 φύσειτί)
915 2505 1068 2572 τοιοῦτον
1090 2499 1135 2586 3),
1153 2500 1256 2572 οὐδὲν

240 2591 276 2674 δέ
298 2607 363 2674 τῶν
385 2602 489 2686 ὁύτως
510 2601 740 2698 ὑπαρχόντων,
770 2601 815 2673 ἐπ
835 2602 936 2674 ἀυτῶ
981 2603 1046 2675 Διά
1066 2607 1167 2674 τούτο
1190 2604 1255 2699 γὰρ

238 2705 281 2776 τοί
302 2701 428 2777 ἐκείνων
449 2705 573 2796 ἀγαθὰ
594 2703 687 2796 τίμιαί
709 2733 742 2775 τε
764 2715 819 2776 καὶ
844 2675 1057 2800 μαὺαριστά,
1089 2705 1203 2797 μεῖζόν
1223 2735 1256 2777 τι

239 2811 305 2877 τῶν
325 2814 499 2879 ἐπαινετῶν
524 2809 668 2900 ἀγαθῶν
687 2811 820 2900 ἐμοντα,
844 2804 897 2879 ὅτι
917 2809 977 2894 τὴν
997 2807 1102 2904 ἀρχὴν
1116 2808 1137 2894 6
1153 2807 1256 2906 φύσις

240 2908 350 2980 ἀντῶν
377 2916 456 2995 [τοῦ
476 2915 641 3006 χείρονος]
668 2910 874 2994 ἀνεπίδεκτός
899 2918 988 2982 ἐστιν
1015 2911 1061 2999 ⁴),
1098 2909 1195 3003 ἡμεῖς
1219 2917 1256 2982 δέ

240 3018 291 3084 ἐπὶ
313 3009 425 3097 Ικτήσει
444 3019 473 3095 5)
488 3020 552 3084 τῶν
570 3015 694 3109 ἀρετῶν
709 3014 957 3106 ἐπαινούμεθα,
980 3009 1032 3086 ‘dn
1049 3017 1108 3100 τῆς
1125 3013 1257 3110 φύσεως

239 3115 332 3208 ἡμῶν
351 3119 551 3200 ἐπιδεκτικῆς
573 3115 674 3201 όύσης
687 3125 743 3186 καὶ
762 3122 821 3186 τοῦ
839 3121 1007 3211 χείρονος,
1029 3115 1090 3187 ὀνκ
1105 3115 1255 3202 ὠκνήσα-

239 3247 299 3310 μεν
324 3219 409 3315 πρὸς
434 3217 478 3287 τῶ
497 3221 635 3308 βελτίω,
668 3227 724 3288 καί
749 3223 814 3289 τῶν
833 3231 894 3310 μὲν
919 3218 1075 3314 χειρόνων
1097 3217 1255 3314 ἀνιδρωτὶ

241 3331 297 3393 καί
314 3331 415 3417 χωρὶς
435 3318 591 3414 καμοίτων
617 3325 849 3418 περιγίνεσθαι
878 3321 1094 3406 δοκούντων,’
1129 3328 1189 3408 τῆς
1217 3329 1255 3394 δέ

243 3424 362 3518 ἀρετῆς
372 3425 455 3515 μετὰ
466 3424 615 3496 πόνωντε
623 3433 679 3494 καὶ
687 3422 933 3516 μετάκαμοίτων
945 3431 1001 3496 καὶ
1014 3427 1145 3497 πολλῶν
1157 3425 1255 3522 ίδρῶ-

241 3555 314 3598 των.
340 3529 429 3618 Ἔχει
450 3536 576 3621 μέντοι
597 3537 653 3598 καὶ
671 3526 689 3597 ὁ
710 3525 874 3623 φρόνιμος
896 3532 1030 3599 ἐπὶτῶν
1051 3535 1255 3600 καθὲκαστα

241 3628 411 3754 πράξεων·
419 3637 482 3701 τού
510 3641 566 3702 καὶ
596 3631 642 3723 μὴ
673 3629 831 3726 προίττειν
859 3630 963 3714 ἀντάς
994 3632 1055 3717 τὴν
1086 3636 1255 3718 ἐξουσίαν,

243 3734 348 3802 ἐίποτε
370 3731 532 3827 κᾷκεινοις
556 3734 689 3860 πρρίξεις
712 3741 798 3816 τινὲς
780 3736 980 3824 ςμίνοιντο
997 3742 1071 3828 περὶ
1099 3735 1143 3805 τά
1168 3739 1256 3808 ἐνδε-

240 3832 387 3958 χόμενα
386 3844 443 3905 καλ
466 3836 612 3916 ἀλλως”
594 3863 686 3928 εχειν.
733 3836 837 3906 06
797 3865 863 3960 γαρ
886 3835 1057 3960 ἀρνῂρηται
1082 3838 1143 3923 τὴν
1163 3843 1255 3926 ἐξον-

243 3941 319 4008 σίαν
349 3934 423 4006 ὑύτε
457 3934 476 4006 6
508 3938 648 4020 Πύθιος
676 3943 735 4008 τοὺ
768 3943 814 4034 τῷ
839 3937 929 4035 ἀντῷ
952 3931 1128 4034 χρῆσθαι
1136 3969 1173 4012 τε
1197 3951 1255 4012 και
