2754 4510
349 448 512 526 torosque
531 463 575 508 ex
589 461 751 524 corpore,
773 439 902 519 oculis,
924 438 1039 517 vultu,
1052 436 1180 519 fronte
1194 461 1281 523 per-

343 539 515 606 'uosceret’
540 540 723 623 stupidum
741 559 810 606 esse
829 539 1008 601 Socratem
1029 535 1118 599 dixit
1139 547 1172 603 et
1195 539 1281 604 δατ-

349 639 450 719 dom,
483 638 579 723 quod
596 639 722 722 iugulo
744 655 899 702 concavo
924 654 992 700 πον
1020 635 1179 701 haberet:
1216 637 1282 702 ol>-

283 780 286 788 ·
348 746 497 801 structos
518 757 576 802 eos
603 747 718 820 portes
747 747 779 802 et
810 735 988 800 obturatos
1016 754 1085 800 esse
1115 735 1281 799 dicebat.-

348 837 479 900 addidit
506 840 610 901 etium
636 837 880 914 mulierosum,
915 836 950 897 in
985 855 1054 916 quo
1073 833 1279 901 Alcibiades

348 938 555 1001 cachinnum
576 935 703 999 dicitur
722 937 918 999 sustulisse:
945 934 1001 996 ubi
1018 933 1093 996 vide
1114 933 1278 999 amicissi-

345 1060 429 1100 mum
444 1035 622 1111 Bromium,
646 1034 748 1098 nostri
764 1034 829 1099 loci
846 1055 909 1098 uon
925 1034 1141 1100 immemorem
1157 1059 1195 1121 p.
1213 1039 1275 1103 25.

345 1139 446 1206 Cous.
465 1142 566 1202 Tusc.
584 1138 650 1202 IV.
673 1138 727 1202 37.
749 1137 805 1201 ubi
823 1139 901 1201 haec
921 1141 1095 1206 adduntur:
1119 1140 1165 1204 ob
1192 1143 1275 1222 ipso

328 1253 465 1307 'autem
484 1241 630 1305 Socrate
648 1240 842 1304 sublevatus
875 1241 1067 1326 (Zopyrus)
1103 1262 1188 1305 cum
1215 1240 1278 1302 itti

347 1342 415 1405 sibi
424 1345 546 1424 signo,
566 1335 626 1404 se'd
642 1341 775 1402 ratione
796 1341 819 1402 o
835 1357 869 1403 se
885 1338 1017 1404 deiectu
1030 1341 1171 1408 diceret.
1195 1339 1272 1420 (0.)

260 1442 314 1522 37)
343 1437 581 1534 έῳενσθαι]
603 1440 699 1504 Mon.
722 1439 909 1530 έσῳῆλδαι.
930 1442 1004 1505 Non
1026 1441 1119 1506 male.
1144 1443 1270 1507 Euseb.

344 1538 533 1636 ἐσφάλθαι.

262 1647 317 1728 38)
346 1643 450 1730 ἆντὴ
471 1652 543 1735 μὲν
564 1639 586 1728 ἡ
608 1645 723 1736 περὶ]
759 1646 799 1710 In
819 1646 897 1711 Alo.
921 1647 952 1712 1.
976 1649 1065 1711 abest
1085 1641 1117 1729 ἡ.

261 1750 317 1833 39)
347 1744 396 1829 ὡς
418 1751 458 1818 έν
479 1747 714 1842 κεφαλαίῳ]
752 1749 803 1816 Ita
824 1751 920 1814 Mon.
943 1749 1021 1815 Ald.
1044 1750 1134 1815 λετ
1154 1749 1266 1819 Cascl.

345 1847 389 1932 ὡς
409 1855 460 1920 έπὶ
481 1851 669 1946 κεφαλαίων
690 1853 769 1917 Ald.
792 1855 825 1917 1.
848 1864 880 1917 ct
900 1854 1010 1918 Lond.

260 1958 315 2040 10)
343 1953 450 2024 κατὰ
472 1953 568 2034 τοὺς
589 1950 669 2023 ἀπὸ
690 1957 762 2023 τ’σῢ
783 1952 1022 2047 περιπσλτοιι
1043 1948 1165 2042 δόξα]
1187 1959 1266 2026 Αλδ.

344 2063 377 2125 1.
400 2071 552 2143 corrupte
573 2053 659 2125 κατὰ
680 2053 740 2136 τὰς
760 2053 793 2127 ἆ.
815 2082 844 2130 τ.
862 2083 897 2128 π.
918 2056 1026 2140 δόξας.

545 2237 551 2270 ⁸
675 2268 755 2312 σιτ.
779 2269 840 2313 vn.

282 2410 315 2492 1)
344 2400 601 2499 παραλλήλῳ
636 2405 784 2487 θέσει]
828 2406 882 2472 Sic
913 2406 992 2471 Ald.
1022 2409 1055 2472 1.
1092 2407 1262 2476 cuschet

342 2512 453 2575 Lond.
488 2502 706 2601 παραλλὴλας
736 2513 834 2578 θέσει
870 2511 979 2576 Havn.
1008 2522 1039 2574 et
1063 2511 1141 2577 Alc.
1169 2515 1201 2577 1.
1224 2526 1262 2578 ut

305 2636 308 2644 ·
342 2623 546 2681 construatur
565 2605 782 2704 παραλλὴλας
802 2612 866 2680 τῶν
887 2608 989 2694 δόξων
1008 2617 1108 2681 θέσει
1129 2616 1262 2704 μίγνυν-

341 2741 394 2797 τες
414 2719 512 2783 Μοσ.
533 2709 733 2806 παραλλήλῳ
753 2717 861 2786 θέσει.
903 2717 1010 2796 Mass,
1047 2738 1120 2782 eum
1141 2719 1262 2787 dicatur

341 2817 577 2912 παράλληλος,
610 2813 645 2900 ὁ,
677 2811 785 2899 ἦνον
806 2813 1034 2909 παράλληλος,
1061 2845 1100 2904 η,
1128 2845 1177 2891 ον.
1217 2823 1262 2888 Et

342 2924 424 2988 benc
444 2925 540 2986 habet
560 2921 690 3007 vulgata
710 2921 819 2988 lectio.
864 2921 938 3003 (Ο.)

280 3028 315 3107 2)
341 3022 446 3116 πρὸς
466 3019 620 3115 τούτῳ]
649 3022 757 3088 casei.
779 3019 863 3114 πρὸς
883 3025 995 3095 τοῦτο.

281 3129 315 3211 3)
343 3132 414 3195 καὶ
433 3120 613 3206 ταύτην]
636 3126 689 3188 Sic
711 3127 790 3191 Ald.
812 3139 844 3191 et
858 3128 967 3191 Lond.
990 3121 1164 3224 καὶταύτῃ
1183 3129 1259 3198 Ald.

345 3233 379 3298 2.
409 3243 449 3295 et'
469 3228 577 3294 Casel.
612 3228 686 3310 (Ο.)
739 3230 824 3294 Hoc
844 3250 924 3295 vero
951 3241 1104 3314 praestat.
1148 3230 1261 3315 (Cosp.

348 3334 470 3419 Orell.)
1013 3381 1016 3392 A
1202 3399 1207 3410 Ι

281 3435 316 3515 t)
344 3429 747 3522 ὑπολαμβάνοντες]
771 3435 825 3500 Sic
845 3435 1076 3501 Mon.A1s.2.
1100 3435 1206 3501 Casel.
1227 3448 1259 3501 et

344 3539 453 3603 Lond.
476 3532 760 3627 ὑπολαμβάνουσι.
802 3538 905 3604 Male.
941 3541 1023 3604 Nam
1044 3538 1185 3624 sequitur
1203 3543 1258 3607 καὶ

343 3643 588 3731 προτρέποντες.
631 3641 705 3724 (0.)

281 3744 314 3822 5)
343 3744 552 3812 ἐπέδοσαν
572 3739 755 3827 διττοὺς]
791 3745 870 3810 Ald.
894 3746 926 3810 1.
950 3745 1108 3812 ἐπέδοσαν
1129 3739 1257 3824 ἀστούς.

280 3843 313 3925 6)
342 3839 399 3938 ἐφ’
433 3839 480 3928 ἣν
508 3839 668 3934 μόνους
703 3841 864 3938 ὁρῶμεν
902 3841 1256 3940 καταφεύγοντας
