2754 4510
1038 330 1099 392 llss

92 503 216 590 quihus·
229 499 287 566 nbi
314 496 540 582 conceperint,
573 506 640 560 tnnr
661 499 829 574 redeunt,
847 509 878 560 et
899 499 1095 600 necessario,

92 619 128 672 ut
163 607 229 670 lert
263 613 395 668 natiuae
433 599 508 678 lex,
563 600 649 666 circa
682 623 777 664 unum
822 612 946 686 ternpus
988 623 1097 668 omnes

91 721 189 796 partu
214 707 446 774 exsolmmnrra
470 717 501 770 et
522 715 614 770 natos
640 703 764 788 quidem
792 703 854 770 sihi
876 727 978 770 mares
996 725 1099 790 expo-

93 824 192 889 nunt,
215 810 297 875 filias
314 831 396 874 vero
418 810 564 874 educant.
608 807 688 872 Sunt
708 821 811 874 autem
824 810 1006 875 Amazones
1020 811 1099 875 istac

93 915 292 991 bellatrices,
330 931 507 998 magnaque
527 931 606 976 cura
627 932 767 994 corpora
788 924 949 976 exercent.
1007 916 1101 978 Mer-

95 1017 203 1082 curius
225 1015 349 1080 Veneri
377 1013 563 1080 coniunctas
590 1014 623 1078 in
644 1015 801 1079 Mercurii
832 1015 996 1080 domiciliis
1023 1018 1101 1082 facit

97 1119 229 1186 lictores
251 1131 284 1183 et
304 1118 446 1201 pictores
468 1129 500 1182 et
520 1117 717 1194 mensarios,
755 1118 787 1183 in
809 1119 973 1186 domiciliis
996 1134 1102 1186 autem

98 1222 239 1288 Veneris
258 1219 507 1306 unguentarios,
535 1221 737 1303 phonascus,
767 1221 960 1296 histriones„
1002 1225 1102 1308 Apud

100 1323 234 1388 Tanites
255 1335 286 1388 et
307 1325 485 1386 Saracenos
508 1323 591 1387 etin
613 1324 778 1405 superiore
799 1323 924 1406 Libya,
958 1339 990 1390 et
1019 1333 1108 1411 apud>

99 1429 241 1494 Nlanros
269 1427 484 1510 Numidasque
512 1426 603 1502 illos,
634 1425 689 1509 qui
715 1428 831 1491 fretum
855 1428 976 1493 Oceani
1008 1452 1104 1496 aeco-

98 1533 180 1607 lunt,
205 1529 282 1595 etin
296 1541 385 1592 hans
406 1561 447 1574 -
471 1531 624 1594 Rhenana
639 1530 825 1608 Germania,
850 1544 881 1595 et
894 1532 1104 1615 insuperiore

101 1633 273 1710 Sarmatia,
308 1633 393 1696 etin
415 1633 566 1713 Scythia,
601 1645 633 1695 ct
653 1635 737 1716 apud
759 1655 868 1698 omnes
890 1647 1000 1720 gentes
1022 1659 1103 1721 quae

99 1749 172 1800 sumt
191 1735 225 1800 in
248 1735 550 1819 Septentrionalihus
573 1735 687 1811 Ponti,
723 1748 754 1798 et
774 1736 806 1800 in
828 1737 914 1801 omni
935 1739 1049 1806 Alania
1071 1753 1105 1805 ct

101 1840 263 1916 Albania,
287 1851 319 1902 et
337 1839 495 1924 Odogena
517 1851 548 1900 et
563 1838 678 1901 Saunia
699 1850 731 1901 ct
745 1839 962 1910 Aureaterra
983 1845 1104 1909 nullum

102 1955 151 2008 est
172 1943 287 2008 videre
307 1943 511 2020 mensorium,
535 1953 589 2004 aut
609 1941 754 2006 fictorem
776 1955 829 2006 cut
849 1942 1023 2026 pictorem,
1046 1953 1105 2014 sed

102 2069 162 2112 nee
184 2045 410 2122 architectum,
433 2067 493 2109 nec
515 2065 711 2121 mensorem,
735 2067 794 2109 nec
814 2047 1020 2130 phonascum,
1044 2073 1108 2116 neo

103 2149 309 2224 histrionem
346 2150 403 2211 scd
431 2148 487 2210 illa
521 2146 648 2212 vivendi
676 2149 775 2226 ratio,
814 2173 895 2235 qnae
922 2154 1105 2220 efficientiae

103 2253 256 2317 tribuitur
269 2251 428 2316 Mercurii
450 2262 481 2314 ct
496 2251 651 2328 Veneris,
676 2252 781 2316 deficit
801 2253 833 2316 in
854 2265 942 2320 tanto
964 2257 1020 2322 illo
1039 2271 1106 2321 ter-

104 2377 215 2420 rarum
242 2355 373 2418 ambitu.
416 2353 507 2417 Medi
536 2375 644 2416 omnes
667 2355 796 2418 canibus
825 2379 895 2424 cum
930 2381 1006 2422 cura
1028 2363 1105 2426 edu.

103 2460 182 2524 eatis
209 2458 354 2524 homines
386 2457 593 2522 moribundos
625 2459 727 2523 adhuc
755 2458 910 2540 spirantes
940 2462 1105 2528 obiiciunt.

106 2566 151 2628 Et
176 2584 243 2626 non
271 2581 381 2625 omnes
409 2571 555 2643 tempore
583 2559 685 2623 diurni
707 2573 796 2624 ortus
818 2561 867 2624 sui
888 2565 1028 2629 Martem
1048 2567 1107 2630 ha-

104 2669 207 2732 buere
231 2687 303 2728 cum
329 2665 459 2727 Venere
488 2662 742 2727 subter'tesram
773 2663 805 2728 in
835 2664 965 2756 Cancri·
988 2667 1106 2734 sidere.

105 2771 188 2836 lnde
209 2780 353 2832 mortuos
377 2779 533 2843 cremant,
572 2779 696 2830 etcum
720 2766 765 2831 eis
783 2767 927 2832 mulieres
948 2769 982 2836 id
1004 2771 1108 2855 ipsum

107 2883 305 2957 appetentesa
361 2871 475 2952 Neque
498 2883 736 2934 tamen-omnes
755 2869 827 2934 illae
848 2872 993 2938 mulieres
1013 2865 1113 2940 Indae

108 2997 189 3062 quoe
228 2975 321 3040 vivae
352 2975 580 3037 combursmtur
610 2973 727 3038 hahent
760 2986 906 3058 tempore
937 2989 1027 3042 ortus
1058 2981 1107 3044 sui

108 3079 217 3143 Solem
243 3099 315 3140 cum
339 3078 448 3140 Marte
475 3076 507 3140 in
528 3079 640 3140 Leone
670 3077 752 3140 intra
780 3077 864 3144 Solis
889 3079 983 3144 linesr
1024 3083 1108 3144 Ger-

108 3203 275 3246 manorum
289 3181 415 3262 plurimi
432 3177 564 3264 anginae
577 3181 660 3242 malo
681 3180 855 3260 intereunt,
879 3203 982 3266 nequo
995 3174 1106 3248 'tamen

105 3296 197 3350 tanta
218 3284 449 3346 Germanorum
467 3282 632 3344 multitudo
653 3284 777 3348 Limam
798 3288 962 3350 ethoram
984 3287 1109 3372 genitu·

108 3409 164 3452 rae
186 3387 306 3447 habent
327 3384 515 3467 interceptas
541 3405 559 3446 a
581 3385 717 3449 Saturno
741 3399 773 3448 et
791 3389 910 3451 Marte.
956 3389 994 3452 In
1019 3390 1106 3454 nulla

108 3513 174 3556 oon
194 3498 308 3574 gente,
336 3487 368 3549 in
385 3488 469 3550 nulla
490 3509 554 3550 uon
576 3486 643 3563 die,
676 3487 707 3549 in
728 3489 816 3551 nullo
838 3511 900 3553 non
922 3490 997 3553 loeo
1019 3493 1109 3576 goni·

109 3593 199 3656 tahili
231 3590 404 3676 gignuntur
431 3589 591 3664 homines;
625 3601 656 3652 et
691 3590 721 3653 in
751 3611 874 3674 quaque
900 3605 996 3673 parte
1025 3595 1108 3679 regit

109 3695 256 3762 homines
276 3695 328 3756 lex
357 3705 388 3756 et
411 3695 604 3756 consuetudo
630 3707 764 3775 propter
794 3715 860 3756 eam
893 3715 973 3777 quae
1003 3709 1049 3758 est
1076 3698 1108 3761 in

110 3795 314 3872 hominibus,
348 3797 536 3860 libertatem.
591 3797 703 3878 Neque
732 3796 875 3880 genitura
898 3797 990 3860 Seras
1021 3800 1109 3882 cogit

111 3901 255 3968 nolentes
276 3899 477 3964 homicidium
500 3899 712 3974 committere,
736 3911 788 3962 aut
800 3899 1009 3966 Brachmanas
1026 3901 1111 3966 vesci
