2694 4508
226 325 268 388 28

221 486 333 582 χώραν
357 489 441 610 ἔχει,
480 484 524 570 ὡς
547 489 605 609 κριὶ
627 481 712 555 ἀυτό
738 481 778 554 τό
801 479 931 579 ὁπότερ’
947 485 1037 575 ἔτυχε
1057 479 1231 572 λεγόμενον

223 597 314 662 ποιεῖ
331 589 510 685 γνώριμον,
540 617 585 658 τα
571 585 635 658 δ
657 585 732 673 35³
712 582 855 676 σινάγκης
871 589 902 670 )
922 611 981 657 ουκ
1003 591 1163 676 ἐνδέχεται
1183 586 1230 672 μὴ

222 697 391 783 γίνεσθαι.
431 697 529 781 Λέγω
546 691 670 777 δὲί)
636 719 676 761 το
688 688 868 779 ἀναγκαῖον
884 688 944 761 οὐκ
965 695 1016 760 έπὶ
1030 716 1089 759 του
1074 691 1165 783 βία
1179 715 1231 775 γι-

221 802 360 886 νομένσυ
367 849 377 880 ,
397 801 479 918 μηδὲ
492 795 580 865 κατὰ
594 793 714 865 τούτου
728 801 777 873 τὶς
790 797 957 864 εὐθυνέτω
971 790 1117 882 τόιίυυμα
1125 844 1134 876 ,
1157 787 1228 860 ἀλλ’

222 901 335 968 ἐπὶ
291 925 353 970 των
367 897 466 994 φύσει
479 903 655 989 γινομένων
669 892 730 980 4)
714 894 778 966 νπό
789 923 895 979 τινων,
910 888 954 966 ὧν
969 895 1011 966 τό
1026 893 1231 984 ἀντικείμενα

221 998 385 1072 ἀδύνατον
403 1005 450 1088 ε’ἱη
465 1007 626 1092 γενέσθαι
644 1003 683 1084 5).
725 1002 797 1069 Καί
817 1027 871 1070 τοι
887 1003 954 1080 πῶς
973 997 1033 1069 οὐκ
1049 997 1158 1068 ἀτοπα
1172 1005 1231 1066 καλ

220 1103 315 1198 παρόι
334 1104 378 1174 τόν
391 1108 517 1198 ’ἐναργῆ
535 1110 592 1173 καὶ
612 1107 707 1227 μέχρι
722 1100 918 1186 τούτουτὴν
932 1100 1230 1195 ἀνάγκηςπρσελη-

220 1213 364 1279 λυθέναι
378 1204 541 1296 λέγειυ,“
519 1235 562 1287 ως
574 1203 656 1296 μήτε
671 1207 851 1288 κινηθῆναί
866 1231 941 1275 τινα
952 1204 1171 1330 δόνασθῳι’
1138 1231 1230 1288 κινη-

220 1335 273 1379 σιν
286 1335 381 1392 τινα,
426 1306 482 1392 ητε
496 1310 626 1391 κινῆσαί
648 1334 679 1375 τι
699 1310 763 1375 τῶν
777 1304 881 1376 ἀντοῦ
865 1311 1000 1429 μερῶν
1015 1304 1103 1390 ⁶)‘'
1051 1360 1060 1391 ,
1081 1334 1122 1391 ην
1140 1309 1230 1425 κίνη-

218 1436 274 1481 σιν
283 1419 340 1481 καὶ
348 1439 398 1530 μη
386 1405 632 1480 κινεῖσθαι’
595 1435 669 1476 τοτε
680 1404 762 1491 ⁷)‘'⁴
725 1405 796 1477 σιόν
810 1435 845 1476 τε
858 1397 917 1491 ἦν,
938 1406 1071 1478 ἀλλά
1037 1434 1096 1492 την
1066 1412 1229 1500 γτυχυῦ-

220 1537 285 1584 σαν
299 1541 364 1583 του
348 1509 554 1606 τραχήλου
578 1509 818 1605 περιστροφὴν,
858 1518 914 1580 καὶ
938 1509 997 1594 τὴν
1019 1507 1183 1580 δακτύλου
1198 1512 1230 1594 ⁸)

184 1633 188 1644 ’
217 1615 308 1697 τινός
321 1617 461 1699 ἔκτασιν,
476 1610 584 1684 καὶτὸ
599 1617 719 1706 ἐπᾷραι
733 1611 777 1681 τά
789 1617 945 1708 βλέφαρα
959 1612 981 1696 ἢ
995 1620 1026 1682 τλ
1040 1615 1102 1681 τῶν
1116 1611 1233 1682 τοισιί·

217 1745 300 1804 των,
326 1722 587 1841 προηχσυμέναις
600 1723 686 1786 τισὶν
700 1713 823 1796 ἀιτίαις
836 1713 1002 1806 ἑπόμενον,
1023 1711 1092 1784 ἀλλ’
1110 1711 1153 1796 ὡς
1166 1712 1226 1809 ὑφ’

216 1819 309 1913 ἡμων
327 1818 394 1943 μέγ
395 1817 568 1890 δύνασθαι
588 1821 745 1909 γίνεσθαί
759 1847 859 1905 ποτε,
887 1822 1064 1889 καὶταῦτα
1079 1814 1229 1911 ὁρῶντας

217 1928 252 1995 έν
266 1930 338 2004 τοῖς
354 1921 428 1993 όῦσί
445 1950 482 1994 τε
501 1930 558 1993 καὶ
581 1928 764 2012 γινομένοις
783 1921 907 2005 πολλὴν
932 1921 1037 2046 όῦσριν
1056 1920 1228 2044 διμφρρόιν

215 2030 281 2095 τῶν
294 2023 516 2120 πραγμάτοιν,
538 2017 605 2108 εξ
583 2053 623 2109 ης
637 2014 786 2117 ῥᾴδιον
767 2051 807 2107 ην
822 2023 999 2114 μαθεῖνῇ
989 2019 1041 2093 ότι
1054 2022 1100 2114 μὴ
1114 2022 1226 2094 πιόντα

216 2132 384 2199 ἐνδίδοται
403 2133 432 2209 9)
454 2134 528 2208 ταῖς
547 2123 719 2206 τοιαύταις
738 2124 871 2206 ἀιτίαις.
911 2123 1052 2220 Ορῶμεν
1065 2129 1145 2215 γοῦν
1160 2129 1226 2197 τῶν

215 2228 321 2301 όντων
333 2234 393 2312 ¹⁰),
414 2226 458 2296 τότ
469 2233 528 2318 μέν
543 2253 617 2297 τινα
634 2225 788 2319 οὐδεμίαν
805 2231 921 2320 ἔχοντα
939 2227 1077 2320 δύναμιν
1097 2232 1156 2314 τῆς
1175 2233 1224 2310 εἰς

215 2329 492 2421 τὸάντικείμενον
511 2334 572 2400 τοῦ
590 2334 624 2401 ἐν
640 2324 667 2426 ᾧ
682 2335 770 2415 ἐστι,
791 2337 992 2423 μεταβολῆς,
1015 2331 1058 2402 τό
1076 2338 1111 2402 δὲ
1126 2332 1223 2404 οὐδὲν

213 2433 376 2558 μάλλον
356 2436 463 2504 αυτῶν
474 2435 565 2502 ἐν
517 2459 563 2527 τῳ
571 2431 802 2558 ἀντικειμένῳ,
822 2435 918 2530 ἢέν
902 2429 929 2504 τό
940 2441 1043 2519 ἐστιν,
1066 2439 1150 2506 έιυαι
1163 2441 1222 2507 δν-

166 2537 169 2542 ’
214 2535 357 2630 νάμενα·
379 2540 442 2631 πῦρ
462 2535 604 2638 μὲνγὰρ
624 2535 683 2606 οὐκ
702 2535 807 2608 όῖόντε
821 2540 988 2622 δέξασθαι
1001 2537 1219 2635 ψυχρότητα,

214 2637 288 2764 η’τρς
302 2646 389 2711 ἐστὶν
403 2619 586 2709 ἐναντία
548 2665 586 2735 τη
601 2637 761 2736 συμφύτῳ
769 2639 963 2768 θερμότητι
977 2647 1038 2726 Π),
1060 2642 1130 2712 ἀλλ’
1144 2643 1220 2714 οὐδὲ

213 2743 293 2870 χιὼν
307 2740 473 2826 δέξαιτ”
451 2769 493 2811 αν
506 2740 712 2866 θερμότητα,
720 2742 802 2834 χιὼν
814 2749 969 2834 μένουσα,
982 2740 1069 2840 ίίδωρ
1084 2750 1135 2830 δὲ,
1158 2749 1221 2818 κάν

214 2837 402 2970 ᾖιμυχρὸν
392 2895 401 2926 ,
428 2842 489 2913 οὐκ
509 2842 672 2915 ἀδύνατον
686 2844 878 2935 ἀποβάλλον
890 2847 1031 2945 ταύτην,
1053 2853 1222 2934 δέξασθαι

214 2947 275 3033 τὴν
295 2949 444 3017 ἐναντίαν
468 2945 551 3045 ἀυτῇ
576 2946 782 3070 θερμότητα.
820 2949 958 3042 Ὁμοίως
973 2957 1078 3023 δὲκαὶ
1099 2959 1146 3049 τῷ
1160 2955 1222 3026 ἀυ-

214 3079 260 3147 τῳ
244 3052 330 3133 ι2)
352 3047 493 3119 δυνατόν
517 3057 574 3119 και
594 3049 652 3120 τόν
672 3048 898 3142 καθεζόμενον
919 3058 1053 3140 στῆναι,
1085 3056 1223 3130 καὶτὸν

207 3151 403 3244 ,κινούμενον
417 3176 620 3278 ηρεμησαι,
631 3160 687 3222 καὶ
709 3153 766 3223 τόν
787 3160 951 3225 λαλοῦντα
973 3162 1129 3248 σιγῆσαι,
1165 3169 1222 3233 καὶ

215 3260 267 3326 ε’πλ
278 3258 403 3350 μυρίων
416 3252 507 3348 εόρσι
527 3281 577 3334 τις
598 3252 639 3325 όίυ
653 3252 790 3346 δύναμίν
807 3283 883 3327 τινα
897 3258 1143 3355 ἐνυπάρχουσαν
1157 3268 1222 3337 τῶν

214 3361 366 3430 εναντίωυ
386 3355 533 3442 δεκτικὴν
540 3409 550 3440 ,
572 3348 616 3427 ὧν
630 3362 658 3428 έι
672 3385 717 3426 τα
701 3356 794 3442 έξ”
775 3357 942 3490 ανσίγκης
939 3362 1019 3433 ὅντα
1034 3369 1067 3436 ἐν
1082 3373 1221 3494 θατέρῳ

214 3459 275 3532 σόιι
289 3462 354 3551 ἔχει
374 3458 512 3583 δύναμιν
532 3485 591 3530 τυυ
577 3462 779 3544 δέξασθαι
795 3468 854 3533 τοῦ
868 3469 902 3536 έν
916 3458 942 3561 ᾧ
957 3471 1043 3552 εστι,
1065 3468 1103 3538 τό
1128 3473 1221 3542 ἐναν-

213 3567 299 3647 τίον,
321 3561 381 3634 οὐκ
396 3562 461 3646 ε’ξ’
441 3559 586 3652 αυόγκης
607 3561 709 3648 ἀνείη
727 3569 761 3635 έυ
779 3563 829 3648 όῑς
843 3571 914 3639 ε’στι
927 3568 970 3638 τά
984 3578 1039 3639 καὶ
1053 3577 1114 3642 τοῦ
1128 3578 1220 3646 ε’ναν-

213 3668 286 3736 τίου
300 3663 414 3744 ἀυτυῐς
428 3663 568 3736 δικτικά.
599 3661 651 3736 ’Ec
665 3667 719 3736 δὲ
713 3695 759 3758 μη
746 3667 839 3753 ε’ξ’
819 3667 978 3760 αυσίγκης,
1000 3677 1220 3766 ἐνδεχομένως.

219 3767 267 3839 Τό
281 3774 317 3838 δὲ
332 3772 547 3857 ἐνδεχομένως
554 3770 640 3852 ¹⁵)”
620 3796 655 3839 εν
673 3796 739 3841 τινι
761 3768 865 3852 όιίτυις
886 3778 972 3844 ἐστὶν
993 3776 1067 3846 ἐν’
1047 3783 1152 3874 αυτῷ,
1175 3780 1220 3863 ὡς

141 3955 143 3966 Ι
213 3869 274 3942 σόιι
289 3867 354 3954 ἐξ’
334 3867 487 3958 σνάγκης,
502 3868 611 3940 ἀλλΗ
589 3900 632 3953 ως
643 3875 882 3964 ἐνδεχομένως
867 3903 899 3947 εν
914 3873 1004 3948 ἀντεῖ
987 3880 1149 3968 γεγονός
1163 3881 1219 3969 ¹⁴).
