2694 4508
1070 336 1110 396 tt

99 510 160 574 isto
179 511 280 576 modo
304 507 483 576 necessario
499 509 603 572 edant.
649 508 744 588 Quod
758 517 861 571 antem
876 507 952 570 aliae
968 506 1046 570 fiant
1066 528 1107 569 ex

99 613 261 695 appetitu,
288 625 343 678 ant
356 613 486 695 insuper
503 631 544 674 ex
562 631 707 686 assensn,
732 609 810 673 aliae
832 629 891 691 per
905 609 1105 693 gramtatem,

100 715 179 778 aliae
194 737 257 798 per
276 717 435 792 calorem,
467 713 545 777 aliae
564 712 624 776 alia
641 733 683 776 ex
704 735 820 788 eausa,
844 715 925 776 hanc
942 731 1023 794 quae
1045 731 1107 792 per

100 815 270 882 animantia
289 819 394 894 liunt,
425 817 531 880 dicunt
554 836 623 880 esse
648 815 680 880 in
707 815 906 880 animantium
933 825 1102 898 potestate,

102 941 164 983 nou
185 920 262 985 item
289 922 366 986 alias
388 940 456 984 esse
477 919 509 986 in
527 931 684 1004 potestate
710 919 821 1002 lapidis
847 930 900 982 aut
924 917 1017 1004 ignis.
1054 917 1107 980 Et

100 1023 177 1086 baec
196 1035 264 1101 est,
288 1035 325 1088 ut
346 1023 535 1108 compendio
557 1023 712 1099 dieamus,
746 1023 874 1086 illorum
896 1023 934 1085 de
957 1041 997 1086 eo
1019 1023 1106 1104 quod

98 1125 129 1188 in
149 1137 310 1210 potestate
333 1147 403 1192 esse
425 1126 557 1205 dicium,
581 1127 745 1192 sententia.

553 1405 657 1504 xlv,

163 1539 272 1606 Facile
293 1551 398 1606 antem
420 1542 491 1606 visu
511 1563 550 1606 an
570 1542 622 1608 isti
640 1544 693 1627 qui
713 1545 773 1608 ista
798 1544 906 1614 dieunt
922 1563 1104 1609 munes

98 1657 228 1709 servem
257 1645 397 1710 omnium
418 1645 580 1710 bominum
596 1647 744 1711 notiones
767 1648 865 1712 deco
892 1651 979 1731 quod
996 1648 1027 1712 in
1044 1670 1106 1731 po-

98 1759 212 1811 testate
236 1759 349 1812 nostra
370 1760 430 1812 est.
480 1751 563 1813 Nata
588 1747 643 1834 qui
662 1751 702 1816 ab
725 1748 786 1814 illis
809 1763 981 1832 quaenunt,
1021 1771 1105 1834 qno·

97 1852 195 1917 modo
217 1850 247 1924 si
268 1855 381 1914 cuncta
400 1851 485 1917 Fato
499 1863 657 1938 agimtur,
689 1853 814 1916 defendi
835 1855 938 1936 possit
959 1873 1027 1918 esse
1048 1855 1105 1918 ali-

97 1954 173 2038 quid
193 1955 228 2019 in
249 1965 360 2020 nosue
386 1966 564 2040 potestate,
608 1977 673 2019 non
697 1956 730 2019 id
750 1968 906 2040 qnaemmt
925 1958 966 2020 ad
990 1975 1105 2020 nornen
1150 2007 1155 2019 .

95 2059 201 2123 actm
216 2057 442 2141 respicientes,
465 2063 523 2123 scd
540 2061 580 2123 ad
600 2080 667 2123 rem
688 2079 770 2143 quae
795 2079 835 2123 eo
854 2058 979 2124 nomin‘e
1005 2059 1105 2145 signi·

96 2159 229 2238 ficatur,
252 2162 287 2226 id
307 2171 356 2224 est
377 2161 546 2227 voluntatis
561 2162 751 2228 libertatemt
775 2163 858 2228 Nam
869 2162 944 2245 quia
957 2162 1019 2228 tale
1034 2177 1105 2226 esse

97 2267 254 2340 creduut,
286 2267 374 2348 quod
398 2264 430 2329 in
454 2277 613 2349 potestate
638 2277 748 2331 nostra
771 2286 841 2330 esse
862 2265 997 2344 dieitur,
1031 2268 1105 2333 ideo

95 2367 161 2432 illis
172 2368 409 2446 contradicunt,
434 2369 489 2453 qui
507 2381 619 2434 cuneta
641 2391 682 2434 ex
699 2368 886 2434 necessitate
903 2371 1009 2435 dietant
1021 2371 1103 2435 fieri.

96 2470 150 2536 Illi
172 2491 254 2537 vero
272 2493 343 2536 cnm
363 2473 513 2536 deberent
534 2473 638 2536 dicere
654 2475 697 2537 ob
723 2474 787 2555 hoe
807 2471 912 2557 ipsum
926 2495 990 2538 non
1008 2495 1105 2557 posse

96 2575 223 2640 Mendi
240 2597 311 2640 esse
331 2575 448 2661 aliquid
467 2576 499 2640 in
520 2587 630 2642 nostra
650 2585 827 2659 potestate,
852 2587 883 2638 et
909 2598 1017 2640 causas
1047 2579 1103 2640 ad-

97 2681 173 2744 dere
189 2701 252 2744 enar
268 2679 302 2743 id
323 2679 446 2744 delendi
467 2702 532 2746 non
551 2680 674 2764 possit,
699 2701 771 2743 cnm
794 2679 938 2744 viderent
963 2699 1032 2744 esse
1046 2680 1105 2743 im·

95 2782 269 2868 probabile
292 2785 336 2848 ob
353 2783 450 2848 multa
475 2805 555 2869 quae
576 2783 639 2866 ipsi
662 2783 693 2848 in
720 2795 877 2866 potestate
902 2795 1012 2848 nostra
1035 2803 1106 2848 esse

95 2887 295 2966 laterenbm
324 2899 360 2952 ut
381 2889 445 2952 boe
462 2886 666 2953 conciliarent
691 2907 763 2950 etun
784 2886 929 2952 doctrina
946 2889 984 2951 de
1008 2887 1105 2964 Fato,

95 3003 269 3075 speramm
299 3011 335 3055 se
364 2991 559 3056 auditoribus
594 2991 759 3075 imponere
795 3011 892 3075 posse
921 3013 980 3074 per
1006 3013 1104 3056 voces

96 3095 186 3162 tutti
210 3093 408 3183 significatus
434 3105 467 3158 et
491 3095 537 3158 sie
558 3095 701 3182 elingere
722 3096 842 3160 absotm
866 3095 921 3160 illa
941 3094 1104 3178 sequentia

97 3221 156 3264 eos
175 3199 231 3283 qui
248 3210 406 3287 negarent
424 3201 577 3283 quaedam
593 3221 661 3264 esse
674 3199 706 3262 in
718 3187 828 3265 nostra
841 3209 1011 3282 potestate.
1035 3199 1104 3263 Eos

96 3305 154 3390 qui
182 3303 229 3369 sie
255 3307 432 3390 loqutmtur
452 3307 587 3390 primum
612 3305 693 3370 iuste
711 3299 785 3389 ¹quis
810 3305 1008 3388 interroget,
1048 3323 1106 3366 eur

96 3429 169 3474 cum
189 3433 209 3476 a
231 3411 317 3476 Fato
340 3409 424 3474 aliud
440 3409 581 3492 penalia
598 3409 670 3486 liat,
700 3409 862 3492 latumque
881 3417 1033 3488 operetur
1046 3428 1105 3489 per

95 3523 241 3578 nuaram
268 3511 384 3596 cuique
407 3513 461 3594 ¹rei
487 3513 674 3598 propriam,
725 3515 763 3576 de
796 3522 970 3574 ceterarum
998 3531 1104 3574 rernm

96 3617 340 3702 operationibus
367 3639 432 3682 non
454 3617 558 3680 dicant
580 3639 632 3680 eas
658 3637 727 3680 esse
747 3615 779 3680 in
805 3635 911 3677 eanum
933 3626 1101 3696 potestate,
1199 3599 1203 3612 ’

94 3723 149 3786 aed
172 3733 301 3788 tantum
329 3721 367 3785 de
386 3720 623 3804 operationibus
646 3717 868 3783 animantitun?
901 3719 998 3800 Qnml
1023 3718 1104 3781 enim

93 3845 150 3892 eos
170 3823 330 3910 impellit,
355 3835 391 3888 ut
409 3845 488 3907 qnae
510 3847 569 3908 per
587 3821 753 3888 animantia
770 3821 870 3898 liunt,
896 3844 932 3885 ea
955 3821 1057 3884 dicam
1070 3821 1103 3882 in

92 3941 258 4014 potestate
282 3949 353 3994 esse
373 3927 592 4005 animantium,
617 3928 699 3992 idem
715 3925 775 3992 dici
794 3924 886 3992 etiam
909 3929 945 3988 de
965 3947 1105 4007 imaque·
