2790 4512
1078 309 1311 426 1511'

136 497 230 542 causa
250 474 323 540 talis
351 487 399 538 est
420 473 486 538 eius
508 475 646 552 ordinis,
685 475 739 559 qui
760 477 929 541 secundum
952 479 1059 540 eadem
1081 477 1134 540 sit.

135 581 190 646 An
214 581 281 644 boc
313 577 397 642 enim
429 599 553 662 semper
583 578 665 643 vitae
699 591 730 644 et
762 578 897 643 vitarum
929 579 1134 644 discessiones

135 683 233 762 linunt,
257 681 321 748 nisi
340 682 490 765 impedita
511 685 551 746 ab
574 683 681 768 aliquo
703 682 755 746 sit.
799 683 952 767 Videmus
969 684 1049 748 enim
1064 703 1137 746 cor-

136 801 214 871 pus,
240 786 329 870 quod
349 786 411 848 tale
433 786 485 849 vel
505 786 567 849 tale
590 809 630 850 ex
651 799 763 851 natura
784 785 841 865 sit,
879 787 911 850 in
932 789 1064 851 morbos
1087 807 1141 849 ca·

138 892 231 967 dere,
256 901 288 954 et
309 887 342 966 ip
362 887 604 971 corruptiones,
629 890 729 974 qualis
751 904 798 954 est
819 891 967 956 naturalis
987 889 1138 954 constitu-

140 993 209 1068 tio;
238 1013 304 1056 non
327 1003 431 1054 tamen
454 1011 495 1054 ex
515 993 713 1057 necessitate.
763 983 904 1059 Possunt
925 994 1006 1057 enim
1027 992 1140 1055 tollere

140 1095 225 1160 bunc
246 1093 410 1171 ordinem,
440 1105 507 1158 tum
524 1095 723 1174 curationes,
758 1109 824 1161 tum
840 1100 923 1162 ae'ris
938 1096 1138 1171 mutationes,

141 1210 173 1263 et
193 1199 282 1262 iussa
303 1197 514 1276 medicorum,
549 1209 580 1262 et
601 1199 847 1266 consultationes
869 1203 1026 1266 Deorum.
1071 1199 1141 1263 Eo-

142 1305 215 1365 dem
247 1311 350 1364 autem
381 1304 478 1366 modo
506 1301 538 1364 in
568 1302 669 1366 anima
697 1325 825 1390 quoque
856 1304 998 1368 invenire
1032 1301 1142 1387 aliquis

143 1415 253 1487 potest
271 1415 399 1486 praeter
423 1405 596 1469 naturalem
624 1419 827 1490 apparatum,
866 1410 1045 1474 differentes
1073 1405 1144 1469 lieri

145 1519 178 1571 et
201 1507 340 1572 actiones
371 1519 402 1571 et
430 1507 597 1572 electiones
627 1522 658 1572 et
685 1510 778 1576 vitas.
822 1513 901 1576 Mos
929 1513 1011 1576 enim
1039 1509 1143 1575 homi-

143 1632 235 1688 num,
259 1622 295 1674 ut
315 1610 418 1694 inquit
439 1611 637 1689 Heraclitus,
661 1614 750 1677 Deus
773 1627 837 1691 est,
861 1617 925 1679 boc
945 1627 992 1679 est
1007 1617 1142 1678 Natura.

144 1715 248 1796 Quam
269 1713 450 1796 saepissime
471 1715 552 1778 enim
580 1718 763 1781 naturaliter
791 1717 1084 1801 praeparationibus
1113 1729 1146 1780 et

144 1815 406 1900 dispositionibus
439 1816 577 1882 annones
611 1840 739 1902 quoque
772 1832 803 1883 et
831 1820 911 1883 vitas
944 1831 976 1884 et
1008 1819 1143 1883 vitarum

143 1920 337 1985 mutationes
359 1919 472 1984 similes
494 1941 562 1985 esso
584 1921 751 2006 contingit.
794 1921 985 1986 Rixatorum
1002 1921 1083 1986 enim
1113 1933 1146 2010 et

145 2022 328 2100 audacium,
353 2023 491 2087 violenta
513 2026 665 2108 quaedam
687 2045 773 2089 mors
796 2037 844 2089 est
865 2049 935 2090 cum
956 2027 1144 2109 plurimum:

143 2127 208 2188 boc
228 2125 312 2189 enim
334 2137 382 2188 est
398 2127 512 2190 Fatum
532 2137 564 2190 et
575 2139 686 2191 natura
707 2128 867 2210 ipsorum:
905 2127 1146 2211 Intemperantis

147 2239 251 2291 autem
272 2239 305 2292 et
327 2219 540 2312 voluptatibus
569 2231 664 2294 dediti
690 2253 777 2295 mors
806 2244 853 2296 est
884 2232 916 2296 in
942 2232 1148 2297 immoderata

147 2332 402 2414 intemperantia:
425 2333 532 2397 Fortis
548 2347 579 2397 et
592 2333 737 2416 patientis
752 2357 838 2399 mors
853 2347 987 2419 propter
1000 2336 1147 2398 laborum

150 2449 181 2499 et
204 2457 423 2500 aerumnarum
444 2437 665 2500 tolerantiam:
695 2438 798 2500 Avari
819 2450 851 2500 et
872 2437 992 2501 sordidi
1012 2447 1149 2519 propter

148 2539 276 2602 nimium
297 2539 433 2603 studium
454 2550 486 2602 et
507 2539 629 2602 anxiam
651 2561 758 2603 curam
779 2539 827 2601 rei
840 2538 1043 2602 indifferentis
1072 2541 1148 2619 (hoc

149 2653 198 2706 est
213 2642 404 2722 divitiarum)
418 2653 484 2704 tum
500 2641 572 2726 quia
586 2641 690 2705 iniusti
700 2653 783 2718 sunt,
801 2653 832 2703 et
846 2661 880 2703 se
894 2640 954 2722 ipsi
969 2641 1144 2726 negligunt,

150 2757 183 2808 et
204 2765 301 2826 supra
321 2744 404 2808 vires
425 2746 583 2808 laborant.
639 2745 746 2825 Quare
775 2745 813 2806 de
845 2743 882 2806 iis
913 2743 1016 2808 dicere
1046 2744 1151 2806 solent

151 2849 239 2929 ipsos
283 2846 343 2911 sibi
379 2848 490 2911 mortis
527 2869 651 2910 causam
683 2846 878 2928 praebuisse.
938 2844 1020 2910 Cum
1052 2845 1150 2931 igitur

152 2950 306 3014 eiusmodi
327 2949 367 3013 sit
388 2954 476 3034 quod
497 2952 665 3014 seeundum
688 2950 801 3012 Fatum
823 2961 891 3025 est,
926 2970 1028 3032 neque
1051 2961 1150 3011 artem

152 3053 342 3117 vaticinandi
373 3053 511 3116 inutilem
539 3051 619 3115 esse'
636 3052 795 3129 dicemus,
834 3073 913 3136 quae
936 3053 1036 3115 adhuc
1058 3072 1150 3132 prae-

153 3156 239 3219 videt
258 3157 292 3220 id
314 3157 401 3239 quod
421 3154 604 3218 naturaliter
625 3155 765 3220 futurum
793 3166 858 3231 est,
898 3167 929 3216 et
961 3175 1055 3234 opem
1087 3153 1150 3215 lert

154 3281 251 3342 quum
273 3257 435 3322 consilium
458 3260 527 3334 dat,
567 3269 597 3320 et
625 3257 712 3322 iubet
732 3263 862 3319 naturae
885 3254 1050 3319 deterioris
1073 3276 1150 3318 con-
1197 3305 1202 3318 .

154 3359 310 3426 secutioni
332 3360 513 3424 adversari:
538 3359 612 3442 quin
634 3377 736 3444 neque
757 3371 871 3423 natura
891 3358 1040 3421 fortunae
1060 3357 1153 3420 tolle·

154 3477 223 3540 tnr,
263 3466 319 3526 sed
349 3463 457 3526 babitu
485 3463 678 3546 quarundam
708 3483 872 3526 carnarum
906 3458 1054 3524 coincidit
1085 3479 1155 3520 cnm

157 3569 192 3630 iis
214 3589 296 3651 quae
317 3567 396 3628 liunt
425 3587 465 3629 ex
486 3551 669 3648 proposito.
715 3566 825 3628 Multo
848 3564 929 3628 enim
951 3560 1051 3648 magis
1071 3563 1158 3625 Deus

158 3683 187 3734 et
209 3671 275 3734 eius
299 3667 434 3747 aemilia,
473 3681 504 3732 et
532 3679 658 3732 nostrae
680 3688 794 3750 preces
817 3688 854 3730 ac
875 3667 1060 3750 rogationes
1082 3661 1160 3747 pro-

156 3775 258 3858 prium
287 3776 393 3837 locum
423 3773 614 3846 servabunt,
662 3793 732 3838 cum
762 3766 915 3835 eirrsmodi
948 3771 988 3832 sit
1015 3767 1046 3830 id
1076 3767 1162 3850 ‘prod

157 3881 238 3944 Fato
268 3878 318 3940 bt.
362 3875 541 3940 Conveniet
573 3873 665 3938 etiam
694 3895 765 3940 cum
794 3872 843 3935 bis
864 3873 898 3956 id
912 3875 1008 3956 quod
1030 3869 1161 3940 diuitum
