2694 4508
1046 309 1090 378 31¹

678 373 688 410 Ι

72 491 172 546 ustus
182 477 391 564 inquosunt,
404 481 537 559 possunt
547 476 723 542 admittere.
746 479 881 562 Quodsi
891 503 929 548 ea
940 493 1091 550 censent

74 581 270 660 necessario,
297 577 445 664 ambigue
460 577 571 663 igitur.
616 579 713 661 Quod
729 603 810 648 vero
825 582 972 668 ambigue
987 594 1035 646 cst
1054 583 1088 650 in

75 685 193 769 atiquo,
204 684 241 748 id
252 703 321 748 non
333 691 383 745 est
397 702 438 744 ex
451 681 647 760 necessitate,
665 687 722 748 sed
735 687 823 768 quod
834 684 977 768 ancipitis
987 684 1028 750 sit
1036 685 1087 750 fe·

77 788 213 854 enitatis.
238 787 342 870 Quod
352 796 455 848 nutem
469 784 515 850 sic
525 784 557 848 in
569 784 676 868 aliquo
688 797 747 862 est,
765 786 798 850 id
810 787 842 849 in
858 808 897 852 eo
908 787 1013 871 potuit
1022 809 1090 856 nou

78 913 157 956 csse.
190 892 254 956 Est
269 889 356 956 enim
371 890 520 972 quodque
537 888 666 952 illorum
678 887 711 952 in
731 910 771 954 ec
789 889 823 952 in
841 912 906 974 quo
921 903 989 968 est,
1013 891 1086 958 ideo
1208 885 1214 893 ¹

80 993 151 1079 quia
163 993 299 1077 perinde
318 991 354 1056 in
372 1012 412 1056 ec
430 1011 499 1056 esse
520 1002 665 1073 poteret,
700 1003 754 1056 aut
772 993 837 1057 boc
857 1004 910 1056 aut
932 997 1019 1077 quod
1039 1005 1089 1059 est
1212 1069 1217 1077 l

79 1109 190 1162 contre
205 1096 374 1180 positnmz
397 1093 430 1158 in
445 1115 510 1177 quo
525 1104 629 1156 autem
650 1115 761 1158 cortun
776 1095 910 1158 alterum
924 1117 1007 1160 nunc
1025 1107 1086 1174 est,

80 1221 143 1264 nou
163 1199 294 1264 omnino
308 1197 490 1262 necessario
505 1197 537 1260 in
551 1216 591 1262 eo
604 1207 652 1260 est
665 1209 802 1280 propter
813 1198 994 1262 facultatem
1011 1221 1088 1264 ver-

82 1301 202 1364 satilem
214 1303 427 1383 adutramqne
440 1311 563 1383 partem
577 1299 822 1366 contrariorum.
846 1301 935 1382 Quae
950 1323 1030 1367 vero
1041 1302 1089 1368 sic
1183 1317 1188 1331 “
1206 1356 1209 1363 .
1234 1322 1243 1330 ·

83 1414 155 1467 sunt
170 1403 201 1468 in
217 1407 313 1468 rebus
329 1403 420 1479 ullis,
445 1423 482 1466 ea
497 1402 542 1468 ibi
563 1424 629 1467 non
643 1416 716 1468 sunt
730 1425 790 1488 per
804 1426 914 1470 causas
925 1406 1085 1488 proiectas

83 1517 114 1570 et
130 1506 318 1571 necessisete
343 1509 505 1572 ducentes.
550 1506 658 1587 Quare
677 1508 705 1572 si
730 1509 834 1574 omnia
855 1531 936 1593 quae
960 1510 1087 1576 suntin

84 1609 174 1674 rebus
196 1610 354 1675 utramvis
379 1609 614 1676 contrariorum
634 1623 757 1694 partem
777 1611 920 1696 recipere
943 1613 1085 1691 idoneis,

84 1710 125 1774 ibi
143 1724 215 1778 snnt
236 1711 371 1796 ancipiti
388 1724 521 1790 eventu,
543 1713 601 1777 ubi
613 1724 707 1790 sunt,
732 1726 764 1778 et
777 1736 843 1780 non
859 1726 932 1780 sunt
947 1716 1006 1782 ubi
1019 1737 1091 1782 ncu-

84 1827 170 1893 snnt,
203 1816 351 1900 sequitm
370 1814 534 1880 innumera
555 1837 624 1880 esse
644 1837 757 1881 eorum
775 1838 858 1900 quac
876 1830 965 1882 sorte
985 1819 1090 1883 ambi-2

85 1937 142 2002 gna
167 1917 230 1983 sint
251 1919 407 2004 fiantque.
463 1919 649 1984 Absurdum
670 1937 752 1982 reru
765 1918 818 1984 sit
838 1920 943 1984 dicere
964 1921 1085 2004 pariter

87 2040 124 2084 ex
139 2022 328 2087 necessitate
350 2043 421 2086 esse
444 2020 478 2086 in
503 2022 610 2106 aliqua
629 2033 753 2086 retem
778 2040 817 2086 ea
844 2043 925 2107 quae
949 2022 984 2088 in
1007 2044 1085 2090 con-

43 2187 47 2196 ,
86 2124 209 2208 barium
225 2125 316 2191 flecti
339 2137 517 2210 nequeunt,
541 2147 634 2210 quam
649 2147 686 2189 ea
704 2145 785 2210 quae
805 2125 920 2210 quovis
940 2137 1088 2210 tempore

87 2245 148 2290 non
165 2227 262 2314 minus
277 2228 331 2294 sic
348 2247 443 2312 quam
457 2228 548 2294 aliter
564 2249 599 2292 se
622 2229 741 2292 habere
761 2240 908 2312 possunt.
951 2229 986 2294 Si
1005 2229 1088 2294 enim

88 2348 164 2410 qnae
185 2329 367 2398 nemesio
399 2333 535 2398 suntin
566 2330 692 2415 aliquo,
725 2331 805 2396 baec
830 2331 863 2395 in
891 2332 1085 2399 eontrarium

88 2431 197 2497 nunt
214 2453 276 2500 non
296 2444 457 2519 possunt,
481 2456 545 2500 non
565 2445 639 2498 sunt
659 2433 704 2498 ibi
724 2433 916 2500 necessario.
1018 2456 1021 2460 ·

147 2636 258 2706 Dicere
279 2662 366 2707 vero
388 2639 523 2725 quodsi
545 2640 628 2704 Fato
657 2638 738 2702 fiunt
766 2637 871 2703 omnia
897 2658 958 2704 nec
981 2651 1088 2704 tamen

91 2737 156 2806 tolli
174 2742 206 2808 it
224 2748 313 2828 quod
335 2754 368 2808 et
388 2755 496 2828 potest
515 2743 609 2820 fieri,
642 2743 791 2826 quodque
808 2739 994 2828 ambiguum
1014 2755 1086 2822 est,

92 2839 158 2910 ideo
182 2851 266 2931 qued
292 2847 400 2932 possit
426 2846 459 2912 id
485 2868 577 2912 omne
605 2844 676 2911 fieri
701 2847 788 2928 quod
808 2845 895 2910 nulla
912 2866 965 2910 res
986 2845 1089 2938 impe·

92 2944 167 3024 diet,
209 2950 381 3036 quominus
409 2949 479 3045 fieri
506 2949 631 3034 possit,
676 2944 819 3032 quamuis
840 2970 906 3014 non
926 2949 1004 3028 fiat,
1042 2949 1089 3016 eis

94 3067 165 3116 vero
185 3075 265 3138 quae
287 3055 373 3120 Fato
394 3053 497 3131 iiumt,
519 3051 598 3118 nihss
619 3050 796 3128 obstiterit,
820 3051 988 3136 quominus
1009 3074 1089 3118 con·

93 3153 211 3222 invium
231 3179 349 3226 eorum
370 3157 474 3222 lieret.
518 3157 627 3240 Quare
649 3177 687 3218 ea
708 3151 913 3222 etiamsinon
934 3154 1087 3237 proveni·

96 3264 160 3332 ω,
179 3258 209 3324 in
231 3281 349 3326 corum
369 3266 473 3326 tamen
494 3281 564 3324 esse
585 3280 718 3324 numero
740 3279 820 3342 quiec
842 3278 911 3322 esse
932 3268 1085 3340 possunt,

94 3366 125 3420 et
142 3371 174 3422 nt
191 3366 333 3446 probent
361 3363 439 3428 nibil
467 3362 628 3429 obstitisse
655 3361 822 3446 quominus
843 3360 933 3424 aliter
953 3358 1085 3438 fierent,

95 3477 180 3528 uuum
205 3467 333 3532 adferre
366 3479 584 3552 argumentum
616 3467 704 3551 quod
734 3484 786 3528 res
817 3463 851 3527 id
880 3461 1088 3546 prohibentes

95 3563 175 3628 nobis
204 3567 268 3634 sint
298 3569 452 3656 Quotus,
489 3591 561 3634 cnm
588 3581 693 3650 temen
721 3566 783 3631 sint
809 3565 959 3650 atiqrnes
1002 3569 1086 3634 Nam

97 3683 167 3746 quae
187 3691 300 3736 causac
321 3683 395 3736 sunt
415 3695 472 3738 cur
493 3670 652 3738 connata
680 3668 747 3734 istis
776 3667 889 3734 fierent
917 3691 960 3734 ex
980 3671 1084 3747 Fato,

96 3771 210 3836 easdem
228 3775 330 3840 fuisse
352 3797 460 3841 causes
482 3798 539 3840 cnr
560 3775 620 3840 ista
641 3795 707 3838 non
720 3771 855 3838 fierent:
879 3773 1086 3858 quiescilicet

98 3865 159 3936 teu
184 3877 354 3960 nequibat,
392 3889 426 3942 ut
453 3879 485 3944 in
512 3879 622 3944 iisdem
651 3875 803 3944 adiunctis
826 3875 937 3962 positis
960 3889 1087 3944 contra·
