2748 4514
234 277 296 338 100

233 444 320 514 κατὰ
347 449 383 513 δὲ
397 435 451 511 ιτά
479 441 542 513 ὑπὸ
576 441 699 514 τούτων
727 440 907 534 λεγόμενα,
940 447 986 524 έις
1014 439 1154 530 ἀγαθόν
1183 451 1247 533 μὲν

236 550 329 620 οὐδὲν
357 545 377 616 δ
402 544 543 628 Πύθιος
577 551 623 642 τῷ
652 553 750 640 Λαΐῳ
780 555 930 639 συνεργεῖ
954 551 1014 631 ¹⁵),
1052 544 1247 634 ἀγωνίζεται

235 652 299 748 γὰρ
322 659 377 720 καὶ
395 648 505 720 πάντα
528 648 665 745 πράττει
682 649 765 743 πρὸς
786 649 825 718 τό
846 655 947 740 μηδὲν
972 653 1037 718 τῶν
1060 647 1247 719 ἀνοσιωτά-

236 779 300 824 των
326 781 361 822 τε
393 762 448 822 καὶ
475 752 702 841 ἀσεβεστάτων
723 758 907 846 παρελθεῖν
931 752 990 822 τόν
1012 750 1104 829 όῖκον,
1130 751 1244 836 ἀστοῦ,

236 851 280 927 ὧν
301 855 446 980 ἀκούσας
473 860 523 938 τίς
550 854 609 927 ούκ
637 855 678 926 ἀν
698 859 973 948 ένσεβεστέραν’
957 858 1042 924 είποι
1068 855 1127 939 τὴν
1153 861 1247 945 λεγο-

235 966 334 1050 μένην
353 958 417 1030 ύπό
431 963 495 1028 τῶν
516 968 588 1051 περὶ
604 956 838 1052 Επίκουρον’
818 961 1052 1080 αρρονοησίαν
1056 961 1115 1042 τῆς
1132 955 1246 1027 τοιαύ-

236 1091 293 1148 της
314 1066 491 1159 προνοίαςς
519 1066 660 1142 Πῶςὲ
625 1067 660 1130 δὲ
668 1061 834 1154 συνῳδὰ
830 1059 993 1144 ἀλλήλοις
1018 1060 1057 1129 τό
1081 1059 1167 1151 ὁμοῦ
1176 1071 1246 1184 μὲν

236 1166 322 1238 θεὸν
343 1173 446 1254 λέγειν
467 1162 526 1248 τὴν
547 1169 743 1285 έιμαρμένην
763 1171 819 1232 καί
843 1168 999 1256 χρησθαι
1020 1169 1091 1244 τοῖς
1114 1161 1189 1233 δῦσί
1211 1191 1244 1232 τε

236 1279 293 1338 καὶ
312 1274 494 1358 γινομένοις
519 1271 552 1335 έν
584 1270 630 1359 τῷ
661 1263 773 1359 κόσμῳ
809 1270 859 1336 ἐπὶ
895 1268 1043 1361 σωτηρία
1075 1264 1180 1336 ἀυτού
1211 1293 1243 1336 τε

233 1461 375 1544 τοιαύτα
402 1479 474 1565 περί
504 1470 605 1554 ἀυτῆς
627 1476 746 1559 λέγειν,
783 1468 827 1550 ὡς
856 1469 1132 1564 παραλαμβάνειν
1164 1472 1245 1566 πρὸς

234 1577 295 1657 τὰς
318 1572 451 1669 πράξεις
472 1573 532 1654 τάς
557 1570 784 1654 ἀνοσιωτάτας
810 1571 872 1658 ¹⁶),
909 1574 965 1644 διά
986 1574 1046 1658 τὴν
1066 1583 1140 1669 περὶ
1161 1574 1245 1646 ἀυτὰ

235 1678 400 1762 σπουδὴν,
429 1685 484 1745 καὶ
509 1675 568 1746 τὸν
591 1674 733 1746 Πύθιον
758 1674 936 1770 σύνεργονς
967 1675 1041 1747 Ἐπὶ
1065 1681 1162 1748 τίνων
1183 1679 1244 1772 γὰρ

225 1784 384 1877 Ισωτηρία
412 1783 523 1874 ἐροῦσι
547 1783 703 1872 χρῆσθαι
725 1778 785 1863 την
813 1784 1008 1874 έιμαρμένην
1032 1780 1162 1876 πατρὸς
1184 1780 1246 1851 ύπό

236 1885 356 1966 παιδός
384 1881 550 1974 ἀναιρέσει
580 1886 623 1965 ¹⁷)
632 1895 658 1978 ,J
677 1891 733 1952 καί
762 1879 858 1976 γάμῳ
889 1883 1014 1977 μητρός
1042 1893 1098 1953 καὶ
1126 1885 1246 1967 παιδός

237 1987 376 2080 ἀνοσίως
412 1993 468 2055 καὶ
488 1991 608 2075 γενέσει
633 1988 758 2054 παίδων
775 1983 909 2080 ἀδελφῷ
930 1993 986 2054 καὶ
1007 1989 1109 2081 πατρί
1133 1994 1196 2076 ¹⁸),·
1217 1992 1246 2060 τί

237 2094 295 2172 τῆς
318 2094 350 2156 έν
367 2084 479 2179 κόσμῳ
501 2084 732 2170 διοικήσεως
716 2114 751 2155 εκ
775 2084 900 2159 τούτων
921 2091 1003 2179 ἔχειν
1027 2087 1166 2180 έύλογον
1189 2091 1247 2177 τὴν

237 2191 420 2282 σωτηρίαν,
443 2186 486 2268 ὡς
503 2195 558 2257 καλ
579 2187 637 2259 τὸν
652 2187 805 2290 Απόλλω
825 2196 1015 2284 φοβεῖσθαι
1035 2191 1081 2283 μή
1105 2221 1139 2264 τι
1162 2223 1246 2292 παρ-

234 2295 321 2389 ελθη
341 2288 466 2360 τούτων
491 2289 690 2384 ἀπρακτον,·
718 2290 857 2382 πότερον
882 2285 1022 2381 ἐμπόδια
1050 2300 1093 2381 ¹9)
1122 2296 1169 2387 μὴ
1196 2329 1246 2388 γι-

234 2393 357 2518 νόμενα
383 2395 422 2490 τῇ
450 2395 513 2463 τάν
542 2391 731 2514 ἀνθρώπων
762 2396 849 2464 κατά
880 2394 993 2478 πόλεις
1027 2425 1061 2468 τε
1098 2407 1156 2468 καὶ
1191 2427 1245 2471 νο-

235 2495 319 2588 μούς
349 2493 449 2582 ²⁰)
432 2523 574 2623 ρικησει,
611 2501 634 2581 ἦ
663 2501 702 2594 τῇ
733 2493 797 2566 τάν
823 2503 989 2589 στοιχείων
1023 2504 1084 2570 τού
1115 2501 1244 2594 κόσμον

236 2605 399 2696 σωτηρία,
428 2629 505 2698 ηεη
523 2604 587 2669 τῶν
611 2573 756 2668 θείάν
741 2597 885 2694 ευτοίκτηι
910 2627 943 2670 τε
966 2611 1022 2672 και
1039 2601 1159 2700 ἀϊδίῳ
1156 2633 1247 2701 περι-

239 2708 352 2798 φορᾷ,
384 2701 493 2786 ἢτίνι
521 2706 584 2772 τόν
612 2705 694 2785 έξ“
672 2693 716 2771 ὧν
741 2701 798 2772 τὸν
829 2701 954 2794 κόσμον
989 2706 1189 2779 συνεστάναι
1214 2737 1248 2780 τε

238 2813 293 2874 καί
321 2811 525 2874 διοικεισθαι
547 2810 765 2928 συμγλέβηκενς
801 2802 1002 2928 Λῆλρνδ“
983 2836 1036 2878 οτι
1057 2809 1119 2880 κάν
1140 2810 1247 2884 ἀλλόν

239 2934 313 2978 τινα
336 2909 453 2998 μῦθον
476 2906 617 2976 ’πάλιν’
597 2906 780 2978 ἀκούσωσιν
796 2907 889 3001 παρά
913 2937 1003 2991 τινος
1027 2917 1091 2982 τῶν
1119 2941 1247 3011 τραγῳ-

239 3006 451 3092 δοποιων,
434 3018 484 3089 οῖς
507 3012 602 3103 ἔργον
624 3010 667 3078 τά
688 3014 829 3080 τοιαῦτα
847 3010 1089 3102 πλάσματα,
1067 3045 1088 3100 η
1105 3045 1249 3105 γυναικα

237 3141 313 3184 τινα
323 3116 371 3197 ²¹)
386 3111 644 3196 διάζηλοτνπίαν
658 3119 974 3204 ἕπιβουλενσαμένην
983 3117 1043 3206 μὲν
1057 3116 1249 3212 ἀλλοτρίοις

239 3223 379 3302 τέκνοις,
402 3214 641 3287 ἀποκτείνασαν
661 3217 698 3283 δὲ
717 3214 761 3284 τό
781 3220 915 3300 ἑαυτῆς,
943 3217 979 3302 ἢ,
1010 3223 1157 3308 Θυέστην
1176 3224 1250 3295 τινὰ

239 3324 434 3411 δυσευχῆ’
396 3348 534 3413 γερονεα
545 3321 608 3389 τῶν
622 3343 752 3412 σαρκων
762 3321 825 3388 τῶν
841 3320 1016 3390 παιδίων
996 3351 1098 3394 αυτον
1084 3328 1249 3397 ἐσθίον-

240 3449 300 3506 τα,
318 3422 464 3516 Ατρέως
484 3420 573 3502 τινός
590 3419 737 3517 ἀδελφοῦ
756 3417 912 3506 τοιαύτην
925 3426 1177 3517 παραθέντος
1156 3433 1254 3524 αυτῷἸ

229 3522 423 3617 -τράπεζαν,
444 3523 634 3595 πιστεύουσι
655 3524 696 3607 δὴ
717 3525 767 3606 ²²)
789 3532 860 3605 τοῖς
873 3523 1043 3615 μύθοις
1020 3556 1064 3608 ως
1084 3527 1248 3618 γεγονόσι,

241 3636 298 3697 καὶ
319 3653 377 3712 την
402 3627 596 3719 έιμαρμδιην
617 3655 650 3697 τε
675 3636 730 3697 καὶ
755 3625 914 3722 πρόνοιαν
937 3627 977 3698 δι
1005 3628 1113 3702 ἀντῶν
1141 3659 1247 3704 κατα-

242 3727 470 3814 σκευάζουσιν,
491 3725 596 3824 ύίσπερ
618 3733 713 3824 ἔργον
736 3729 925 3820 ποιούμενοι
946 3728 1167 3820 ἀβούλονται
1189 3765 1248 3807 κα·

242 3829 449 3916 τασκευάζειν
475 3830 513 3900 δι’
537 3831 644 3904 ἀυτάν
663 3837 727 3904 τῶν
751 3833 1133 3932 κατασκευῶνάναιρεῖν.
1153 3845 1250 3912 ’Καί
