<?xml version="1.0" encoding="UTF-8"?>
<!DOCTYPE html PUBLIC "-//W3C//DTD XHTML 1.0 Transitional//EN"
    "http://www.w3.org/TR/xhtml1/DTD/xhtml1-transitional.dtd">
<html xmlns="http://www.w3.org/1999/xhtml" xml:lang="en" lang="en">
 <head>
  <title>
</title>
<meta http-equiv="Content-Type" content="text/html;charset=utf-8" />
  <meta name='ocr-system' content='tesseract 3.04.00' />
  <meta name='ocr-capabilities' content='ocr_page ocr_carea ocr_par ocr_line ocrx_word'/>
</head>
<body>
  <div class='ocr_page' id='page_1' title='image "./alexandriaprodi00alexgoog_0253.png"; bbox 0 0 2754 4510; ppageno 0'>
   <div class='ocr_carea' id='block_1_1' title="bbox 267 304 328 368">
    <p class='ocr_par' dir='ltr' id='par_1_1' title="bbox 267 304 328 368">
     <span class='ocr_line' id='line_1_1' title="bbox 267 304 328 368; baseline 0.033 -3"><span class='ocrx_word' id='word_1_1' title='bbox 267 304 328 368; x_wconf 75' lang='lat'><em>236</em></span> 
     </span>
    </p>
   </div>
   <div class='ocr_carea' id='block_1_2' title="bbox 168 457 1287 2623">
    <p class='ocr_par' dir='ltr' id='par_1_2' title="bbox 168 457 1287 2623">
     <span class='ocr_line' id='line_1_2' title="bbox 263 457 1287 558; baseline -0.01 -14"><span class='ocrx_word' id='word_1_2' title='bbox 263 478 322 544; x_wconf 78' lang='grc' dir='ltr'><em>καί</em></span> <span class='ocrx_word' id='word_1_3' title='bbox 343 468 402 555; x_wconf 77' lang='grc' dir='ltr'><em>τὴν</em></span> <span class='ocrx_word' id='word_1_4' title='bbox 423 465 539 539; x_wconf 82' lang='grc' dir='ltr'><em>οὐσίαν</em></span> <span class='ocrx_word' id='word_1_5' title='bbox 559 462 661 549; x_wconf 78' lang='grc' dir='ltr'><em>ἀυτῆς</em></span> <span class='ocrx_word' id='word_1_6' title='bbox 682 457 909 558; x_wconf 78' lang='grc' dir='ltr'><em>ἀναιρεῖσθαι.</em></span> <span class='ocrx_word' id='word_1_7' title='bbox 962 459 1074 543; x_wconf 82' lang='grc' dir='ltr'><em>Ὀἶδας</em></span> <span class='ocrx_word' id='word_1_8' title='bbox 1106 466 1143 532; x_wconf 85' lang='grc' dir='ltr'><em>δὲ</em></span> <span class='ocrx_word' id='word_1_9' title='bbox 1172 464 1287 545; x_wconf 84' lang='grc' dir='ltr'><em>ποίας</em></span> 
     </span>
     <span class='ocr_line' id='line_1_3' title="bbox 265 563 1285 666; baseline -0.007 -21"><span class='ocrx_word' id='word_1_10' title='bbox 265 577 386 666; x_wconf 78' lang='grc' dir='ltr'><strong><em>σχολῆς</em></strong></span> <span class='ocrx_word' id='word_1_11' title='bbox 408 570 426 641; x_wconf 88' lang='grc' dir='ltr'><em>ό</em></span> <span class='ocrx_word' id='word_1_12' title='bbox 449 572 683 661; x_wconf 85' lang='grc' dir='ltr'><em>Σιμπλίκιος,,</em></span> <span class='ocrx_word' id='word_1_13' title='bbox 703 575 758 637; x_wconf 79' lang='grc' dir='ltr'><em>καὶ</em></span> <span class='ocrx_word' id='word_1_14' title='bbox 779 564 822 648; x_wconf 82' lang='grc' dir='ltr'><em>ὡς</em></span> <span class='ocrx_word' id='word_1_15' title='bbox 842 569 901 652; x_wconf 80' lang='grc' dir='ltr'><em>τῆς</em></span> <span class='ocrx_word' id='word_1_16' title='bbox 918 563 1170 656; x_wconf 80' lang='grc' dir='ltr'><strong><em>Ἀκαδημαϊκῆς</em></strong></span> <span class='ocrx_word' id='word_1_17' title='bbox 1196 565 1285 660; x_wconf 80' lang='grc' dir='ltr'><em>ἠρύ-</em></span> 
     </span>
     <span class='ocr_line' id='line_1_4' title="bbox 266 667 1282 769; baseline -0.008 -22"><span class='ocrx_word' id='word_1_18' title='bbox 266 703 350 748; x_wconf 84' lang='grc' dir='ltr'><em>σατο</em></span> <span class='ocrx_word' id='word_1_19' title='bbox 377 678 483 765; x_wconf 82' lang='grc' dir='ltr'><em>πηγῆς</em></span> <span class='ocrx_word' id='word_1_20' title='bbox 512 677 761 769; x_wconf 80' lang='grc' dir='ltr'><em>δαψιλέστατα,</em></span> <span class='ocrx_word' id='word_1_21' title='bbox 794 669 869 765; x_wconf 75' lang='grc' dir='ltr'><em>παρ’</em></span> <span class='ocrx_word' id='word_1_22' title='bbox 895 667 1084 761; x_wconf 78' lang='grc' dir='ltr'><em>Ἀμμώνιον</em></span> <span class='ocrx_word' id='word_1_23' title='bbox 1112 677 1170 739; x_wconf 80' lang='grc' dir='ltr'><em>καί</em></span> <span class='ocrx_word' id='word_1_24' title='bbox 1206 675 1282 740; x_wconf 84' lang='grc' dir='ltr'><em>Δαι-</em></span> 
     </span>
     <span class='ocr_line' id='line_1_5' title="bbox 263 769 1284 870; baseline -0.008 -20"><span class='ocrx_word' id='word_1_25' title='bbox 263 777 407 870; x_wconf 86' lang='grc' dir='ltr'><em>μοίσκιον</em></span> <span class='ocrx_word' id='word_1_26' title='bbox 427 776 505 859; x_wconf 88' lang='grc' dir='ltr'><em>τούς</em></span> <span class='ocrx_word' id='word_1_27' title='bbox 524 774 707 855; x_wconf 84' lang='grc' dir='ltr'><em>Πλάτωνος</em></span> <span class='ocrx_word' id='word_1_28' title='bbox 734 771 910 870; x_wconf 75' lang='grc' dir='ltr'><em>ύποφήτας</em></span> <span class='ocrx_word' id='word_1_29' title='bbox 938 769 1117 867; x_wconf 76' lang='grc' dir='ltr'><em>φοιτήσας.</em></span> <span class='ocrx_word' id='word_1_30' title='bbox 1168 771 1212 843; x_wconf 88' lang='lat'><em>‘0</em></span> <span class='ocrx_word' id='word_1_31' title='bbox 1245 779 1284 844; x_wconf 82' lang='grc' dir='ltr'><em>δέ</em></span> 
     </span>
     <span class='ocr_line' id='line_1_6' title="bbox 264 875 1280 975; baseline -0.008 -21"><span class='ocrx_word' id='word_1_32' title='bbox 264 911 301 973; x_wconf 85' lang='grc' dir='ltr'><em>γε</em></span> <span class='ocrx_word' id='word_1_33' title='bbox 318 879 590 975; x_wconf 80' lang='grc' dir='ltr'><em>Ὀλυμπιόδωρος</em></span> <span class='ocrx_word' id='word_1_34' title='bbox 611 884 652 948; x_wconf 86' lang='grc' dir='ltr'><em>ἐν’</em></span> <span class='ocrx_word' id='word_1_35' title='bbox 663 887 724 970; x_wconf 80' lang='grc' dir='ltr'><em>μὲν</em></span> <span class='ocrx_word' id='word_1_36' title='bbox 745 885 815 959; x_wconf 84' lang='grc' dir='ltr'><em>τοῖς</em></span> <span class='ocrx_word' id='word_1_37' title='bbox 836 881 882 958; x_wconf 85' lang='grc' dir='ltr'><em>ἑις</em></span> <span class='ocrx_word' id='word_1_38' title='bbox 902 875 962 946; x_wconf 85' lang='grc' dir='ltr'><em>τὸν</em></span> <span class='ocrx_word' id='word_1_39' title='bbox 980 878 1141 968; x_wconf 80' lang='grc' dir='ltr'><em>Γοργίαν·</em></span> <span class='ocrx_word' id='word_1_40' title='bbox 1165 883 1280 962; x_wconf 88' lang='grc' dir='ltr'><em>τεθη-</em></span> 
     </span>
     <span class='ocr_line' id='line_1_7' title="bbox 264 977 1279 1079; baseline -0.007 -21"><span class='ocrx_word' id='word_1_41' title='bbox 264 992 403 1077; x_wconf 85' lang='grc' dir='ltr'><em>λυμίνης</em></span> <span class='ocrx_word' id='word_1_42' title='bbox 424 989 508 1068; x_wconf 80' lang='grc' dir='ltr'><em>ἐστὶ,</em></span> <span class='ocrx_word' id='word_1_43' title='bbox 539 990 638 1079; x_wconf 81' lang='grc' dir='ltr'><em>φησὶ,</em></span> <span class='ocrx_word' id='word_1_44' title='bbox 666 987 903 1076; x_wconf 82' lang='grc' dir='ltr'><em>προαιρέσεως,</em></span> <span class='ocrx_word' id='word_1_45' title='bbox 918 1047 921 1052; x_wconf 91' lang='grc'>,</span> <span class='ocrx_word' id='word_1_46' title='bbox 939 977 977 1048; x_wconf 89' lang='grc' dir='ltr'><em>τὸ</em></span> <span class='ocrx_word' id='word_1_47' title='bbox 1000 977 1139 1049; x_wconf 87' lang='grc' dir='ltr'><em>όίεσθαι</em></span> <span class='ocrx_word' id='word_1_48' title='bbox 1160 977 1279 1073; x_wconf 81' lang='grc' dir='ltr'><em>πάντα</em></span> 
     </span>
     <span class='ocr_line' id='line_1_8' title="bbox 168 1083 1279 1178; baseline -0.007 -18"><span class='ocrx_word' id='word_1_49' title='bbox 168 1105 171 1118; x_wconf 87' lang='grc'><strong>“</strong></span> <span class='ocrx_word' id='word_1_50' title='bbox 264 1093 298 1175; x_wconf 79' lang='grc' dir='ltr'><em>ἑξ</em></span> <span class='ocrx_word' id='word_1_51' title='bbox 318 1088 462 1178; x_wconf 76' lang='grc' dir='ltr'><em>ἀνάγκης</em></span> <span class='ocrx_word' id='word_1_52' title='bbox 483 1092 567 1160; x_wconf 85' lang='grc' dir='ltr'><em>ε’ἴναι</em></span> <span class='ocrx_word' id='word_1_53' title='bbox 587 1083 668 1155; x_wconf 80' lang='grc' dir='ltr'><em>καθ’</em></span> <span class='ocrx_word' id='word_1_54' title='bbox 693 1089 906 1178; x_wconf 82' lang='grc' dir='ltr'><em>ἑιμαρμὲνην,</em></span> <span class='ocrx_word' id='word_1_55' title='bbox 941 1090 997 1152; x_wconf 87' lang='grc' dir='ltr'><em>καὶ</em></span> <span class='ocrx_word' id='word_1_56' title='bbox 1025 1088 1128 1174; x_wconf 70' lang='grc' dir='ltr'><em>μηδὲν</em></span> <span class='ocrx_word' id='word_1_57' title='bbox 1157 1087 1194 1152; x_wconf 78' lang='grc' dir='ltr'><em>ἐκ</em></span> <span class='ocrx_word' id='word_1_58' title='bbox 1219 1088 1279 1168; x_wconf 79' lang='grc' dir='ltr'><em>τῆς</em></span> 
     </span>
     <span class='ocr_line' id='line_1_9' title="bbox 258 1183 1275 1290; baseline -0.009 -25"><span class='ocrx_word' id='word_1_59' title='bbox 258 1197 485 1290; x_wconf 83' lang='grc' dir='ltr'><em>,προαιρέσεως</em></span> <span class='ocrx_word' id='word_1_60' title='bbox 505 1193 663 1281; x_wconf 89' lang='grc' dir='ltr'><em>γίνεσθαι</em></span> <span class='ocrx_word' id='word_1_61' title='bbox 684 1192 742 1274; x_wconf 77' lang='grc' dir='ltr'><em>τῆς</em></span> <span class='ocrx_word' id='word_1_62' title='bbox 762 1186 930 1278; x_wconf 80' lang='grc' dir='ltr'><em>ἡμετέρας.</em></span> <span class='ocrx_word' id='word_1_63' title='bbox 979 1185 1040 1270; x_wconf 77' lang='grc' dir='ltr'><em>Μὴ</em></span> <span class='ocrx_word' id='word_1_64' title='bbox 1060 1185 1126 1281; x_wconf 86' lang='grc' dir='ltr'><em>γάρ</em></span> <span class='ocrx_word' id='word_1_65' title='bbox 1148 1183 1275 1276; x_wconf 86' lang='grc' dir='ltr'><em>νόμιζε,</em></span> 
     </span>
     <span class='ocr_line' id='line_1_10' title="bbox 265 1287 1274 1396; baseline -0.007 -30"><span class='ocrx_word' id='word_1_66' title='bbox 265 1303 383 1392; x_wconf 80' lang='grc' dir='ltr'><em>φησὶν,</em></span> <span class='ocrx_word' id='word_1_67' title='bbox 416 1287 468 1396; x_wconf 76' lang='grc' dir='ltr'><em>ότι</em></span> <span class='ocrx_word' id='word_1_68' title='bbox 498 1292 536 1363; x_wconf 91' lang='grc' dir='ltr'><em>ού</em></span> <span class='ocrx_word' id='word_1_69' title='bbox 566 1291 705 1363; x_wconf 87' lang='grc' dir='ltr'><em>δυνατόν</em></span> <span class='ocrx_word' id='word_1_70' title='bbox 733 1288 808 1378; x_wconf 75' lang='grc' dir='ltr'><em>παρ’</em></span> <span class='ocrx_word' id='word_1_71' title='bbox 839 1293 1035 1383; x_wconf 80' lang='grc' dir='ltr'><em>ἑιμυιρμένην</em></span> <span class='ocrx_word' id='word_1_72' title='bbox 1063 1287 1274 1360; x_wconf 82' lang='grc' dir='ltr'><em>ἀποθανεῖν·</em></span> 
     </span>
     <span class='ocr_line' id='line_1_11' title="bbox 264 1390 1273 1489; baseline -0.005 -21"><span class='ocrx_word' id='word_1_73' title='bbox 264 1397 407 1469; x_wconf 85' lang='grc' dir='ltr'><em>δυνατόν</em></span> <span class='ocrx_word' id='word_1_74' title='bbox 444 1395 524 1489; x_wconf 83' lang='grc' dir='ltr'><em>γὰρ,</em></span> <span class='ocrx_word' id='word_1_75' title='bbox 574 1399 637 1484; x_wconf 82' lang='grc' dir='ltr'><em>ἐίγε</em></span> <span class='ocrx_word' id='word_1_76' title='bbox 679 1392 700 1478; x_wconf 78' lang='grc' dir='ltr'><em>ἦ</em></span> <span class='ocrx_word' id='word_1_77' title='bbox 733 1396 925 1486; x_wconf 88' lang='grc' dir='ltr'><em>προαίρεσις</em></span> <span class='ocrx_word' id='word_1_78' title='bbox 958 1390 1140 1489; x_wconf 78' lang='grc' dir='ltr'><em>ἀναγκάσῃ.</em></span> <span class='ocrx_word' id='word_1_79' title='bbox 1201 1399 1273 1463; x_wconf 81' lang='grc' dir='ltr'><em>Καὶ</em></span> 
     </span>
     <span class='ocr_line' id='line_1_12' title="bbox 264 1496 1273 1591; baseline -0.006 -19"><span class='ocrx_word' id='word_1_80' title='bbox 264 1501 329 1591; x_wconf 83' lang='grc' dir='ltr'><em>γάρ</em></span> <span class='ocrx_word' id='word_1_81' title='bbox 351 1509 407 1572; x_wconf 86' lang='grc' dir='ltr'><em>καὶ</em></span> <span class='ocrx_word' id='word_1_82' title='bbox 426 1496 447 1584; x_wconf 80' lang='grc' dir='ltr'><strong><em>ἡ</em></strong></span> <span class='ocrx_word' id='word_1_83' title='bbox 469 1504 644 1588; x_wconf 83' lang='grc' dir='ltr'><em>ἑιμαρμένη</em></span> <span class='ocrx_word' id='word_1_84' title='bbox 666 1501 701 1566; x_wconf 83' lang='grc' dir='ltr'><em>ἑκ</em></span> <span class='ocrx_word' id='word_1_85' title='bbox 722 1501 781 1582; x_wconf 80' lang='grc' dir='ltr'><em>τῆς</em></span> <span class='ocrx_word' id='word_1_86' title='bbox 807 1499 966 1591; x_wconf 84' lang='grc' dir='ltr'><em>προνοίας</em></span> <span class='ocrx_word' id='word_1_87' title='bbox 993 1496 1142 1589; x_wconf 81' lang='grc' dir='ltr'><em>ἤρτηται.</em></span> <span class='ocrx_word' id='word_1_88' title='bbox 1171 1567 1175 1572; x_wconf 82' lang='grc'>,</span> <span class='ocrx_word' id='word_1_89' title='bbox 1203 1503 1273 1566; x_wconf 81' lang='grc' dir='ltr'><em>Καὶ</em></span> 
     </span>
     <span class='ocr_line' id='line_1_13' title="bbox 265 1597 1271 1698; baseline -0.002 -25"><span class='ocrx_word' id='word_1_90' title='bbox 265 1604 371 1685; x_wconf 82' lang='grc' dir='ltr'><em>οίύθις</em></span> <span class='ocrx_word' id='word_1_91' title='bbox 393 1608 426 1672; x_wconf 83' lang='grc' dir='ltr'><em>ἑν</em></span> <span class='ocrx_word' id='word_1_92' title='bbox 447 1611 516 1683; x_wconf 84' lang='grc' dir='ltr'><em>τοῖς</em></span> <span class='ocrx_word' id='word_1_93' title='bbox 537 1597 858 1692; x_wconf 80' lang='grc' dir='ltr'><em>άυτοῖς.Ἀμμυίνιον</em></span> <span class='ocrx_word' id='word_1_94' title='bbox 886 1597 1025 1688; x_wconf 80' lang='grc' dir='ltr'><em>ἑιςάγει,</em></span> <span class='ocrx_word' id='word_1_95' title='bbox 1060 1598 1099 1676; x_wconf 83' lang='grc' dir='ltr'><em>τὸ</em></span> <span class='ocrx_word' id='word_1_96' title='bbox 1122 1602 1182 1684; x_wconf 76' lang='grc' dir='ltr'><em>τῆς</em></span> <span class='ocrx_word' id='word_1_97' title='bbox 1203 1621 1271 1698; x_wconf 76' lang='grc' dir='ltr'><em>ψυ-</em></span> 
     </span>
     <span class='ocr_line' id='line_1_14' title="bbox 261 1701 1271 1798; baseline -0.002 -22"><span class='ocrx_word' id='word_1_98' title='bbox 261 1710 323 1798; x_wconf 83' lang='grc' dir='ltr'><em>χῆς</em></span> <span class='ocrx_word' id='word_1_99' title='bbox 344 1705 555 1790; x_wconf 81' lang='grc' dir='ltr'><em>ἇυτοκίνητον</em></span> <span class='ocrx_word' id='word_1_100' title='bbox 569 1701 773 1797; x_wconf 87' lang='grc' dir='ltr'><em>ύπερισχύειν</em></span> <span class='ocrx_word' id='word_1_101' title='bbox 790 1705 848 1771; x_wconf 82' lang='grc' dir='ltr'><em>τοῦ</em></span> <span class='ocrx_word' id='word_1_102' title='bbox 870 1705 928 1786; x_wconf 77' lang='grc' dir='ltr'><em>τῆς</em></span> <span class='ocrx_word' id='word_1_103' title='bbox 950 1706 1145 1792; x_wconf 82' lang='grc' dir='ltr'><em>ἑιμαρμένης</em></span> <span class='ocrx_word' id='word_1_104' title='bbox 1167 1702 1271 1794; x_wconf 87' lang='grc' dir='ltr'><em>νόμον</em></span> 
     </span>
     <span class='ocr_line' id='line_1_15' title="bbox 266 1802 1276 1901; baseline -0.005 -21"><span class='ocrx_word' id='word_1_105' title='bbox 266 1815 444 1901; x_wconf 82' lang='grc' dir='ltr'><em>τιθεμένου</em></span> <span class='ocrx_word' id='word_1_106' title='bbox 475 1814 539 1893; x_wconf 78' lang='lat'>¹³),</span> <span class='ocrx_word' id='word_1_107' title='bbox 578 1813 611 1878; x_wconf 85' lang='grc' dir='ltr'><em>ἑν</em></span> <span class='ocrx_word' id='word_1_108' title='bbox 639 1806 770 1887; x_wconf 83' lang='grc' dir='ltr'><em>τούτοις</em></span> <span class='ocrx_word' id='word_1_109' title='bbox 805 1812 875 1886; x_wconf 88' lang='grc' dir='ltr'><em>τοῖς</em></span> <span class='ocrx_word' id='word_1_110' title='bbox 905 1803 1026 1892; x_wconf 84' lang='grc' dir='ltr'><em>λόγους.</em></span> <span class='ocrx_word' id='word_1_111' title='bbox 1061 1802 1167 1895; x_wconf 60' lang='grc' dir='ltr'><em>Ἐγὼ</em></span> <span class='ocrx_word' id='word_1_112' title='bbox 1187 1807 1276 1901; x_wconf 83' lang='grc' dir='ltr'><em>γάρ,·</em></span> 
     </span>
     <span class='ocr_line' id='line_1_16' title="bbox 264 1903 1268 2008; baseline -0.005 -23"><span class='ocrx_word' id='word_1_113' title='bbox 264 1941 384 2008; x_wconf 85' lang='grc' dir='ltr'><em>φησιν,</em></span> <span class='ocrx_word' id='word_1_114' title='bbox 420 1912 496 1982; x_wconf 87' lang='grc' dir='ltr'><em>ὀῑδα</em></span> <span class='ocrx_word' id='word_1_115' title='bbox 517 1908 832 2005; x_wconf 66' lang='grc' dir='ltr'><em>άνθρόπουφτινὰς</em></span> <span class='ocrx_word' id='word_1_116' title='bbox 853 1903 933 1978; x_wconf 80' lang='grc' dir='ltr'><em>ὅσον</em></span> <span class='ocrx_word' id='word_1_117' title='bbox 954 1907 1040 1977; x_wconf 80' lang='grc' dir='ltr'><em>κατὰ</em></span> <span class='ocrx_word' id='word_1_118' title='bbox 1058 1908 1127 1993; x_wconf 54' lang='grc' dir='ltr'><em>’τὴν</em></span> <span class='ocrx_word' id='word_1_119' title='bbox 1148 1908 1268 2006; x_wconf 72' lang='grc' dir='ltr'><em>ἆστρο·</em></span> 
     </span>
     <span class='ocr_line' id='line_1_17' title="bbox 264 2014 1267 2106; baseline -0.003 -20"><span class='ocrx_word' id='word_1_120' title='bbox 264 2020 400 2106; x_wconf 84' lang='grc' dir='ltr'><em>λογίαν,</em></span> <span class='ocrx_word' id='word_1_121' title='bbox 435 2022 572 2104; x_wconf 84' lang='grc' dir='ltr'><em>θέματα</em></span> <span class='ocrx_word' id='word_1_122' title='bbox 591 2017 717 2102; x_wconf 79' lang='grc' dir='ltr'><em>μοιχῶν</em></span> <span class='ocrx_word' id='word_1_123' title='bbox 737 2014 889 2101; x_wconf 82' lang='grc' dir='ltr'><em>ἔχοντας,</em></span> <span class='ocrx_word' id='word_1_124' title='bbox 918 2019 973 2080; x_wconf 81' lang='grc' dir='ltr'><em>καί</em></span> <span class='ocrx_word' id='word_1_125' title='bbox 995 2016 1267 2106; x_wconf 75' lang='grc' dir='ltr'><em>σωφρονοῦνταςς</em></span> 
     </span>
     <span class='ocr_line' id='line_1_18' title="bbox 262 2112 1270 2210; baseline -0.002 -23"><span class='ocrx_word' id='word_1_126' title='bbox 262 2123 507 2210; x_wconf 78' lang='grc' dir='ltr'><em>περιγινομένων</em></span> <span class='ocrx_word' id='word_1_127' title='bbox 524 2120 584 2184; x_wconf 85' lang='grc' dir='ltr'><em>τοῦ</em></span> <span class='ocrx_word' id='word_1_128' title='bbox 605 2113 820 2198; x_wconf 79' lang='grc' dir='ltr'><em>άυτοκινύτου</em></span> <span class='ocrx_word' id='word_1_129' title='bbox 842 2117 899 2197; x_wconf 78' lang='grc' dir='ltr'><em>τῆς</em></span> <span class='ocrx_word' id='word_1_130' title='bbox 920 2119 1040 2210; x_wconf 78' lang='grc' dir='ltr'><em>ψυχῆς.</em></span> <span class='ocrx_word' id='word_1_131' title='bbox 1078 2112 1186 2184; x_wconf 79' lang='grc' dir='ltr'><em>Ἐύδὲ</em></span> <span class='ocrx_word' id='word_1_132' title='bbox 1200 2123 1270 2197; x_wconf 84' lang='grc' dir='ltr'><em>τοῖς</em></span> 
     </span>
     <span class='ocr_line' id='line_1_19' title="bbox 263 2216 1266 2312; baseline 0 -22"><span class='ocrx_word' id='word_1_133' title='bbox 263 2225 309 2311; x_wconf 74' lang='grc' dir='ltr'><em>ἑις</em></span> <span class='ocrx_word' id='word_1_134' title='bbox 327 2216 564 2307; x_wconf 78' lang='grc' dir='ltr'><em>Ἀλκιβιάδην,</em></span> <span class='ocrx_word' id='word_1_135' title='bbox 601 2221 719 2286; x_wconf 79' lang='grc' dir='ltr'><em>ἐκτῶν</em></span> <span class='ocrx_word' id='word_1_136' title='bbox 747 2220 807 2286; x_wconf 83' lang='grc' dir='ltr'><em>τού</em></span> <span class='ocrx_word' id='word_1_137' title='bbox 834 2219 921 2286; x_wconf 82' lang='grc' dir='ltr'><em>θεοῦ</em></span> <span class='ocrx_word' id='word_1_138' title='bbox 951 2242 1054 2312; x_wconf 78' lang='grc' dir='ltr'><em>φησιν</em></span> <span class='ocrx_word' id='word_1_139' title='bbox 1080 2216 1266 2312; x_wconf 73' lang='grc' dir='ltr'><em>ἐρωτήσεων</em></span> 
     </span>
     <span class='ocr_line' id='line_1_20' title="bbox 262 2318 1265 2418; baseline -0.001 -25"><span class='ocrx_word' id='word_1_140' title='bbox 262 2320 474 2418; x_wconf 80' lang='grc' dir='ltr'><em>ἀνακύπτειν,</em></span> <span class='ocrx_word' id='word_1_141' title='bbox 512 2319 554 2402; x_wconf 84' lang='grc' dir='ltr'><em>ὡς</em></span> <span class='ocrx_word' id='word_1_142' title='bbox 585 2319 666 2390; x_wconf 71' lang='grc' dir='ltr'><em>καθ’</em></span> <span class='ocrx_word' id='word_1_143' title='bbox 698 2318 824 2412; x_wconf 87' lang='grc' dir='ltr'><em>άίρεοιν</em></span> <span class='ocrx_word' id='word_1_144' title='bbox 856 2325 888 2389; x_wconf 84' lang='grc' dir='ltr'><em>οἱ</em></span> <span class='ocrx_word' id='word_1_145' title='bbox 919 2323 987 2408; x_wconf 81' lang='grc' dir='ltr'><em>βίοι</em></span> <span class='ocrx_word' id='word_1_146' title='bbox 1017 2327 1092 2414; x_wconf 20' lang='grc' dir='ltr'><em>καλή1</em></span> <span class='ocrx_word' id='word_1_147' title='bbox 1106 2319 1146 2391; x_wconf 87' lang='grc' dir='ltr'><em>όυ</em></span> <span class='ocrx_word' id='word_1_148' title='bbox 1168 2351 1265 2408; x_wconf 88' lang='grc' dir='ltr'><em>κατη-</em></span> 
     </span>
     <span class='ocr_line' id='line_1_21' title="bbox 260 2421 1262 2524; baseline -0.003 -26"><span class='ocrx_word' id='word_1_149' title='bbox 260 2423 495 2517; x_wconf 83' lang='grc' dir='ltr'><em>ναγκασμένοι·</em></span> <span class='ocrx_word' id='word_1_150' title='bbox 518 2432 602 2520; x_wconf 76' lang='grc' dir='ltr'><em>φησὶΙ</em></span> <span class='ocrx_word' id='word_1_151' title='bbox 621 2423 703 2514; x_wconf 83' lang='grc' dir='ltr'><em>γὰρ,</em></span> <span class='ocrx_word' id='word_1_152' title='bbox 725 2427 764 2521; x_wconf 81' lang='grc' dir='ltr'><em>τῇ</em></span> <span class='ocrx_word' id='word_1_153' title='bbox 784 2427 889 2520; x_wconf 74' lang='grc' dir='ltr'><em>βουλῇ</em></span> <span class='ocrx_word' id='word_1_154' title='bbox 899 2476 908 2505; x_wconf 88' lang='grc'><em>,</em></span> <span class='ocrx_word' id='word_1_155' title='bbox 931 2421 1031 2507; x_wconf 88' lang='grc' dir='ltr'><em>(ὁύτω</em></span> <span class='ocrx_word' id='word_1_156' title='bbox 1047 2423 1087 2507; x_wconf 81' lang='grc' dir='ltr'><em>δὴ</em></span> <span class='ocrx_word' id='word_1_157' title='bbox 1102 2433 1159 2494; x_wconf 87' lang='grc' dir='ltr'><em>καὶ</em></span> <span class='ocrx_word' id='word_1_158' title='bbox 1181 2430 1214 2495; x_wconf 82' lang='grc' dir='ltr'><em>ἑν</em></span> <span class='ocrx_word' id='word_1_159' title='bbox 1226 2429 1262 2524; x_wconf 70' lang='grc' dir='ltr'><em>τῇ</em></span> 
     </span>
     <span class='ocr_line' id='line_1_22' title="bbox 262 2525 1261 2623; baseline -0.001 -23"><span class='ocrx_word' id='word_1_160' title='bbox 262 2534 490 2623; x_wconf 50' lang='grc' dir='ltr'><em>Πολιτείςιῢε)</em></span> <span class='ocrx_word' id='word_1_161' title='bbox 506 2527 597 2598; x_wconf 83' lang='grc' dir='ltr'><em>άιτία</em></span> <span class='ocrx_word' id='word_1_162' title='bbox 608 2533 770 2618; x_wconf 86' lang='grc' dir='ltr'><em>ἑλομένου,</em></span> <span class='ocrx_word' id='word_1_163' title='bbox 786 2526 871 2607; x_wconf 86' lang='grc' dir='ltr'><em>θεὸς</em></span> <span class='ocrx_word' id='word_1_164' title='bbox 881 2525 1039 2612; x_wconf 80' lang='grc' dir='ltr'><em>ἀναίτιος.</em></span> <span class='ocrx_word' id='word_1_165' title='bbox 1060 2531 1131 2607; x_wconf 86' lang='grc' dir='ltr'><em>Καὶ</em></span> <span class='ocrx_word' id='word_1_166' title='bbox 1139 2527 1261 2618; x_wconf 26' lang='grc' dir='ltr'><em>,ἆύθις</em></span> 
     </span>
    </p>
   </div>
   <div class='ocr_carea' id='block_1_3' title="bbox 152 2627 1261 2727">
    <p class='ocr_par' dir='ltr' id='par_1_3' title="bbox 152 2627 1261 2727">
     <span class='ocr_line' id='line_1_23' title="bbox 152 2627 1261 2727; baseline -0.001 -24"><span class='ocrx_word' id='word_1_167' title='bbox 152 2641 155 2648; x_wconf 64' lang='grc'><strong>“</strong></span> <span class='ocrx_word' id='word_1_168' title='bbox 262 2632 352 2723; x_wconf 80' lang='grc' dir='ltr'><em>ὑμεῖς</em></span> <span class='ocrx_word' id='word_1_169' title='bbox 374 2636 517 2724; x_wconf 85' lang='grc' dir='ltr'><em>δαίμονα</em></span> <span class='ocrx_word' id='word_1_170' title='bbox 538 2629 737 2727; x_wconf 79' lang='grc' dir='ltr'><em>άιρύοεσθε,</em></span> <span class='ocrx_word' id='word_1_171' title='bbox 775 2627 835 2718; x_wconf 87' lang='grc' dir='ltr'><em>ούχ</em></span> <span class='ocrx_word' id='word_1_172' title='bbox 858 2627 945 2717; x_wconf 77' lang='grc' dir='ltr'><em>ύμοίς</em></span> <span class='ocrx_word' id='word_1_173' title='bbox 973 2633 1098 2720; x_wconf 88' lang='grc' dir='ltr'><em>δαίμων</em></span> <span class='ocrx_word' id='word_1_174' title='bbox 1118 2630 1261 2716; x_wconf 81' lang='grc' dir='ltr'><em>λήξεται·</em></span> 
     </span>
    </p>
   </div>
   <div class='ocr_carea' id='block_1_4' title="bbox 184 2730 1282 3971">
    <p class='ocr_par' dir='ltr' id='par_1_4' title="bbox 184 2730 1282 3971">
     <span class='ocr_line' id='line_1_24' title="bbox 262 2730 1282 2828; baseline 0.003 -25"><span class='ocrx_word' id='word_1_175' title='bbox 262 2740 295 2804; x_wconf 84' lang='grc' dir='ltr'><em>ἑν</em></span> <span class='ocrx_word' id='word_1_176' title='bbox 316 2733 392 2824; x_wconf 81' lang='grc' dir='ltr'><em>ύμῖν</em></span> <span class='ocrx_word' id='word_1_177' title='bbox 413 2734 476 2828; x_wconf 85' lang='grc' dir='ltr'><em>γάρ</em></span> <span class='ocrx_word' id='word_1_178' title='bbox 499 2739 587 2805; x_wconf 81' lang='grc' dir='ltr'><em>ἐστιν</em></span> <span class='ocrx_word' id='word_1_179' title='bbox 607 2739 749 2802; x_wconf 82' lang='grc' dir='ltr'><em>ἑλέσθαι</em></span> <span class='ocrx_word' id='word_1_180' title='bbox 769 2730 895 2802; x_wconf 90' lang='grc' dir='ltr'><em>τοιόνδε</em></span> <span class='ocrx_word' id='word_1_181' title='bbox 915 2734 1005 2819; x_wconf 79' lang='grc' dir='ltr'><em>βίον,</em></span> <span class='ocrx_word' id='word_1_182' title='bbox 1041 2737 1205 2823; x_wconf 81' lang='grc' dir='ltr'><em>ἑλομένοις</em></span> <span class='ocrx_word' id='word_1_183' title='bbox 1228 2737 1282 2806; x_wconf 72' lang='grc' dir='ltr'><em>δὲ’</em></span> 
     </span>
     <span class='ocr_line' id='line_1_25' title="bbox 261 2831 1259 2931; baseline 0.002 -25"><span class='ocrx_word' id='word_1_184' title='bbox 261 2835 416 2930; x_wconf 84' lang='grc' dir='ltr'><em>πράττειν</em></span> <span class='ocrx_word' id='word_1_185' title='bbox 438 2839 481 2908; x_wconf 86' lang='grc' dir='ltr'><em>τόι</em></span> <span class='ocrx_word' id='word_1_186' title='bbox 501 2835 640 2929; x_wconf 86' lang='grc' dir='ltr'><em>ἑπόμενοιΙ</em></span> <span class='ocrx_word' id='word_1_187' title='bbox 660 2840 706 2931; x_wconf 79' lang='grc' dir='ltr'><em>τῷ</em></span> <span class='ocrx_word' id='word_1_188' title='bbox 727 2838 806 2929; x_wconf 80' lang='grc' dir='ltr'><em>βίῳ,</em></span> <span class='ocrx_word' id='word_1_189' title='bbox 828 2831 887 2905; x_wconf 92' lang='grc' dir='ltr'><em>ούκ</em></span> <span class='ocrx_word' id='word_1_190' title='bbox 908 2839 942 2904; x_wconf 79' lang='grc' dir='ltr'><em>ἐν</em></span> <span class='ocrx_word' id='word_1_191' title='bbox 962 2833 1055 2926; x_wconf 82' lang='grc' dir='ltr'><em>ύμῖν,</em></span> <span class='ocrx_word' id='word_1_192' title='bbox 1076 2835 1145 2906; x_wconf 74' lang='grc' dir='ltr'><em>ἀλλ’</em></span> <span class='ocrx_word' id='word_1_193' title='bbox 1163 2836 1259 2928; x_wconf 81' lang='grc' dir='ltr'><em>ἆναγ-</em></span> 
     </span>
     <span class='ocr_line' id='line_1_26' title="bbox 261 2935 1259 3032; baseline 0.003 -21"><span class='ocrx_word' id='word_1_194' title='bbox 261 2944 372 3020; x_wconf 76' lang='grc' dir='ltr'><em>καίως.</em></span> <span class='ocrx_word' id='word_1_195' title='bbox 409 2938 521 3022; x_wconf 75' lang='grc' dir='ltr'><em>Ὀἶδας</em></span> <span class='ocrx_word' id='word_1_196' title='bbox 542 2945 579 3010; x_wconf 85' lang='grc' dir='ltr'><em>δέ</em></span> <span class='ocrx_word' id='word_1_197' title='bbox 603 2969 639 3030; x_wconf 90' lang='grc' dir='ltr'><em>γε</em></span> <span class='ocrx_word' id='word_1_198' title='bbox 671 2947 728 3010; x_wconf 86' lang='grc' dir='ltr'><em>καὶ</em></span> <span class='ocrx_word' id='word_1_199' title='bbox 748 2937 904 3032; x_wconf 85' lang='grc' dir='ltr'><em>Πρόκλον</em></span> <span class='ocrx_word' id='word_1_200' title='bbox 931 2935 1116 3027; x_wconf 76' lang='grc' dir='ltr'><em>ἀναγκαίως</em></span> <span class='ocrx_word' id='word_1_201' title='bbox 1146 2939 1187 3010; x_wconf 82' lang='grc' dir='ltr'><em>τά</em></span> <span class='ocrx_word' id='word_1_202' title='bbox 1213 2947 1259 3014; x_wconf 75' lang='grc' dir='ltr'><em>ἐν·</em></span> 
     </span>
     <span class='ocr_line' id='line_1_27' title="bbox 261 3039 1259 3142; baseline 0 -28"><span class='ocrx_word' id='word_1_203' title='bbox 261 3041 418 3135; x_wconf 78' lang='grc' dir='ltr'><em>δεχόμενα</em></span> <span class='ocrx_word' id='word_1_204' title='bbox 440 3041 604 3113; x_wconf 83' lang='grc' dir='ltr'><em>τὸνθεόν</em></span> <span class='ocrx_word' id='word_1_205' title='bbox 626 3048 745 3122; x_wconf 80' lang='grc' dir='ltr'><em>ἑιδὲναι</em></span> <span class='ocrx_word' id='word_1_206' title='bbox 767 3039 940 3135; x_wconf 75' lang='grc' dir='ltr'><em>φάσκοντα</em></span> <span class='ocrx_word' id='word_1_207' title='bbox 962 3045 995 3111; x_wconf 81' lang='grc' dir='ltr'><em>ἐν</em></span> <span class='ocrx_word' id='word_1_208' title='bbox 1016 3045 1056 3139; x_wconf 75' lang='grc' dir='ltr'><em>τῇ</em></span> <span class='ocrx_word' id='word_1_209' title='bbox 1083 3049 1259 3142; x_wconf 75' lang='grc' dir='ltr'><em>θεολογικῇ</em></span> 
     </span>
     <span class='ocr_line' id='line_1_28' title="bbox 261 3141 1256 3238; baseline 0 -22"><span class='ocrx_word' id='word_1_210' title='bbox 261 3147 365 3216; x_wconf 83' lang='grc' dir='ltr'><em>ἀυτού</em></span> <span class='ocrx_word' id='word_1_211' title='bbox 386 3141 553 3235; x_wconf 86' lang='grc' dir='ltr'><em>στοιγώοει</em></span> <span class='ocrx_word' id='word_1_212' title='bbox 566 3198 578 3228; x_wconf 54' lang='grc'><em>,.</em></span> <span class='ocrx_word' id='word_1_213' title='bbox 610 3144 792 3214; x_wconf 83' lang='grc' dir='ltr'><em>κοίντεύθεν</em></span> <span class='ocrx_word' id='word_1_214' title='bbox 813 3148 1043 3238; x_wconf 79' lang='grc' dir='ltr'><em>συγχωροῦντα</em></span> <span class='ocrx_word' id='word_1_215' title='bbox 1072 3145 1111 3216; x_wconf 88' lang='grc' dir='ltr'><em>τό</em></span> <span class='ocrx_word' id='word_1_216' title='bbox 1140 3146 1256 3238; x_wconf 82' lang='grc' dir='ltr'><em>ἐνδεχό-</em></span> 
     </span>
     <span class='ocr_line' id='line_1_29' title="bbox 184 3244 1256 3340; baseline 0 -21"><span class='ocrx_word' id='word_1_217' title='bbox 184 3248 187 3253; x_wconf 63' lang='grc'><strong>’</strong></span> <span class='ocrx_word' id='word_1_218' title='bbox 233 3283 235 3287; x_wconf 94' lang='grc'><em>·</em></span> <span class='ocrx_word' id='word_1_219' title='bbox 260 3276 374 3339; x_wconf 82' lang='grc' dir='ltr'><em>μενον,</em></span> <span class='ocrx_word' id='word_1_220' title='bbox 413 3245 599 3340; x_wconf 79' lang='grc' dir='ltr'><em>’Λμμόνιον</em></span> <span class='ocrx_word' id='word_1_221' title='bbox 634 3274 666 3316; x_wconf 89' lang='grc' dir='ltr'><em>τε</em></span> <span class='ocrx_word' id='word_1_222' title='bbox 700 3253 770 3340; x_wconf 73' lang='grc' dir='ltr'><em>τρῖς</em></span> <span class='ocrx_word' id='word_1_223' title='bbox 800 3244 914 3328; x_wconf 83' lang='grc' dir='ltr'><em>άυτοῖς</em></span> <span class='ocrx_word' id='word_1_224' title='bbox 949 3245 1094 3340; x_wconf 80' lang='grc' dir='ltr'><em>ῥήμασιν</em></span> <span class='ocrx_word' id='word_1_225' title='bbox 1122 3245 1167 3330; x_wconf 78' lang='grc' dir='ltr'><em>ὡς</em></span> <span class='ocrx_word' id='word_1_226' title='bbox 1195 3249 1256 3320; x_wconf 78' lang='grc' dir='ltr'><em>ἀπό</em></span> 
     </span>
     <span class='ocr_line' id='line_1_30' title="bbox 261 3347 1254 3445; baseline 0.001 -22"><span class='ocrx_word' id='word_1_227' title='bbox 261 3352 437 3444; x_wconf 81' lang='grc' dir='ltr'><em>λημμάτων</em></span> <span class='ocrx_word' id='word_1_228' title='bbox 454 3352 682 3443; x_wconf 77' lang='grc' dir='ltr'><em>Ἰαμβλιχείων</em></span> <span class='ocrx_word' id='word_1_229' title='bbox 699 3347 882 3444; x_wconf 82' lang='grc' dir='ltr'><em>χρώμενον,</em></span> <span class='ocrx_word' id='word_1_230' title='bbox 918 3353 951 3420; x_wconf 80' lang='grc' dir='ltr'><em>ἐν</em></span> <span class='ocrx_word' id='word_1_231' title='bbox 979 3349 1029 3432; x_wconf 82' lang='grc' dir='ltr'><em>ὁῐς</em></span> <span class='ocrx_word' id='word_1_232' title='bbox 1050 3349 1254 3445; x_wconf 85' lang='grc' dir='ltr'><em>Ἀριστοτέλη</em></span> 
     </span>
     <span class='ocr_line' id='line_1_31' title="bbox 260 3453 1253 3548; baseline -0.001 -22"><span class='ocrx_word' id='word_1_233' title='bbox 260 3460 414 3548; x_wconf 76' lang='grc' dir='ltr'><em>περὶτοῦ</em></span> <span class='ocrx_word' id='word_1_234' title='bbox 435 3454 641 3546; x_wconf 78' lang='grc' dir='ltr'><em>ἐνδεχόμενον</em></span> <span class='ocrx_word' id='word_1_235' title='bbox 663 3459 696 3524; x_wconf 85' lang='grc' dir='ltr'><em>ἑν</em></span> <span class='ocrx_word' id='word_1_236' title='bbox 717 3458 764 3547; x_wconf 75' lang='grc' dir='ltr'><em>τῷ</em></span> <span class='ocrx_word' id='word_1_237' title='bbox 787 3459 860 3546; x_wconf 81' lang='grc' dir='ltr'><em>περὶ</em></span> <span class='ocrx_word' id='word_1_238' title='bbox 888 3455 1057 3547; x_wconf 80' lang='grc' dir='ltr'><em>ἑρμηνείας</em></span> <span class='ocrx_word' id='word_1_239' title='bbox 1084 3453 1253 3548; x_wconf 82' lang='grc' dir='ltr'><em>ἑρμηνεία·</em></span> 
     </span>
     <span class='ocr_line' id='line_1_32' title="bbox 256 3553 1254 3654; baseline -0.002 -26"><span class='ocrx_word' id='word_1_240' title='bbox 256 3558 331 3638; x_wconf 74' lang='grc' dir='ltr'><em>’θός</em></span> <span class='ocrx_word' id='word_1_241' title='bbox 352 3556 523 3640; x_wconf 88' lang='grc' dir='ltr'><em>τοιούτους</em></span> <span class='ocrx_word' id='word_1_242' title='bbox 543 3567 599 3654; x_wconf 81' lang='grc' dir='ltr'><em>καί</em></span> <span class='ocrx_word' id='word_1_243' title='bbox 622 3553 801 3637; x_wconf 84' lang='grc' dir='ltr'><em>τοσούτους</em></span> <span class='ocrx_word' id='word_1_244' title='bbox 823 3553 947 3652; x_wconf 72' lang='grc' dir='ltr'><em>ἄνδρας</em></span> <span class='ocrx_word' id='word_1_245' title='bbox 973 3556 1092 3640; x_wconf 77' lang='grc' dir='ltr'><em>ὄντας,</em></span> <span class='ocrx_word' id='word_1_246' title='bbox 1128 3561 1254 3648; x_wconf 84' lang='grc' dir='ltr'><em>ἑυχερῶς</em></span> 
     </span>
     <span class='ocr_line' id='line_1_33' title="bbox 258 3657 1253 3755; baseline 0.002 -27"><span class='ocrx_word' id='word_1_247' title='bbox 258 3658 468 3731; x_wconf 77' lang='grc' dir='ltr'><em>ἀπώσασθαι</em></span> <span class='ocrx_word' id='word_1_248' title='bbox 501 3661 539 3732; x_wconf 89' lang='grc' dir='ltr'><em>ού</em></span> <span class='ocrx_word' id='word_1_249' title='bbox 572 3659 656 3732; x_wconf 87' lang='grc' dir='ltr'><em>πάνυ</em></span> <span class='ocrx_word' id='word_1_250' title='bbox 689 3686 741 3732; x_wconf 87' lang='grc' dir='ltr'><em>τοι</em></span> <span class='ocrx_word' id='word_1_251' title='bbox 768 3657 894 3752; x_wconf 82' lang='grc' dir='ltr'><em>ῥοίδιον.</em></span> <span class='ocrx_word' id='word_1_252' title='bbox 946 3658 998 3730; x_wconf 73' lang='lat' dir='ltr'><em>’Et</em></span> <span class='ocrx_word' id='word_1_253' title='bbox 1031 3687 1060 3730; x_wconf 86' lang='grc' dir='ltr'><em>τι</em></span> <span class='ocrx_word' id='word_1_254' title='bbox 1093 3657 1152 3730; x_wconf 84' lang='grc' dir='ltr'><em>όῦν</em></span> <span class='ocrx_word' id='word_1_255' title='bbox 1179 3663 1253 3755; x_wconf 89' lang='grc' dir='ltr'><em>πρὸς</em></span> 
     </span>
     <span class='ocr_line' id='line_1_34' title="bbox 260 3760 1252 3860; baseline 0 -28"><span class='ocrx_word' id='word_1_256' title='bbox 260 3767 365 3836; x_wconf 82' lang='grc' dir='ltr'><em>ταῦτα</em></span> <span class='ocrx_word' id='word_1_257' title='bbox 398 3766 496 3833; x_wconf 73' lang='grc' dir='ltr'><em>λιπεῖν</em></span> <span class='ocrx_word' id='word_1_258' title='bbox 528 3762 756 3854; x_wconf 85' lang='grc' dir='ltr'><em>δοκιμάσειας,</em></span> <span class='ocrx_word' id='word_1_259' title='bbox 793 3760 849 3860; x_wconf 20' lang='grc' dir='ltr'><em>οὐχ</em></span> <span class='ocrx_word' id='word_1_260' title='bbox 864 3763 922 3832; x_wconf 89' lang='grc' dir='ltr'><em>τόν</em></span> <span class='ocrx_word' id='word_1_261' title='bbox 950 3761 1050 3833; x_wconf 91' lang='grc' dir='ltr'><em>πόνον</em></span> <span class='ocrx_word' id='word_1_262' title='bbox 1086 3760 1171 3832; x_wconf 82' lang='grc' dir='ltr'><em>οίλλόι</em></span> <span class='ocrx_word' id='word_1_263' title='bbox 1202 3766 1252 3848; x_wconf 78' lang='grc' dir='ltr'><em>τὴν</em></span> 
     </span>
     <span class='ocr_line' id='line_1_35' title="bbox 229 3863 1251 3971; baseline 0.004 -35"><span class='ocrx_word' id='word_1_264' title='bbox 229 3863 413 3956; x_wconf 73' lang='grc' dir='ltr'><em>’ἐσομένην</em></span> <span class='ocrx_word' id='word_1_265' title='bbox 449 3874 518 3957; x_wconf 84' lang='grc' dir='ltr'><em>τοῖς</em></span> <span class='ocrx_word' id='word_1_266' title='bbox 554 3870 787 3967; x_wconf 80' lang='grc' dir='ltr'><em>ἐντευξομένοις</em></span> <span class='ocrx_word' id='word_1_267' title='bbox 830 3863 989 3971; x_wconf 70' lang='grc' dir='ltr'><em>ὠφέλειαν</em></span> <span class='ocrx_word' id='word_1_268' title='bbox 1032 3864 1251 3966; x_wconf 84' lang='grc' dir='ltr'><em>λογισάμενος,</em></span> 
     </span>
    </p>
   </div>
   <div class='ocr_carea' id='block_1_5' title="bbox 0 0 1382 4510">
    <p class='ocr_par' dir='ltr' id='par_1_5' title="bbox 0 0 1382 4510">
     <span class='ocr_line' id='line_1_36' title="bbox 0 0 1382 4510; baseline 0 3"><span class='ocrx_word' id='word_1_269' title='bbox 0 0 1382 4510; x_wconf 95' lang='lat' dir='ltr'><em> </em></span> 
     </span>
    </p>
   </div>
  </div>
 </body>
</html>
