2790 4512
237 287 298 357 150

234 465 269 529 δὲ
293 455 459 544 τούτοιςὴ
482 457 549 530 ἰδία
567 455 668 556 φύσις
681 455 765 553 ἀρχὴ
786 462 843 528 καὶ
864 454 957 530 άιτλα
979 454 1109 543 τοιάδε,
1138 453 1240 543 όύσης

234 567 292 648 τῆς
313 561 398 632 κατά
419 567 526 634 ταῦτα
544 566 736 694 γιγνομένης
753 560 881 646 τάξεως.
920 559 1006 632 Ἀπὸ
1032 560 1098 656 γάρ
1118 558 1241 645 ταύτης

235 663 280 746 ὡς
306 665 411 736 ἐπὶ
380 694 418 735 το
443 671 509 738 πᾶν
535 675 591 738 και
617 673 648 738 οἱ
671 669 742 754 βίοι
762 674 817 735 καὶ
844 671 880 734 αἱ
900 668 965 736 τῶν
988 668 1069 754 βιων
1094 668 1242 787 γίνονται

234 778 485 892 καταστροφαὶ,
514 768 560 860 μὴ
582 765 880 862 ἕμποδισθεὶσης“
862 765 927 840 νπό
950 795 1056 840 τινων.
1094 765 1242 890 Ορῶμεν

232 871 315 967 γάρ,
337 866 390 944 ότι
404 881 461 942 καὶ
478 872 516 942 τὸ
533 877 627 964 σῶμα
635 925 645 956 ,
667 873 712 941 τεῦ
733 870 895 942 τοιόνδε
882 869 1076 957 η’τοιόνδε’
1059 900 1096 941 ενι
1110 867 1240 996 φύσεως

234 979 319 1047 ἒῖναι
338 983 395 1046 καὶ
416 981 449 1049 έν
468 972 580 1056 νόσοις
597 979 743 1066 γίγνεται
764 983 819 1045 καὶ
841 979 875 1045 ἐν
896 981 1069 1069 φθοραῖς,
1100 971 1240 1044 άκολοῦ·

185 1167 193 1174 ἢ
233 1086 310 1160 θος
330 1083 370 1176 τῇ
387 1084 511 1178 φυσικῇ
530 1076 707 1150 συστάσει·
737 1077 775 1148 οῦ
797 1077 862 1168 μὴν
884 1081 917 1162 ἐξ
935 1074 1096 1167 ἀνάγκης·
1129 1083 1239 1147 ἱκαναὶ

232 1181 297 1275 γὰρ
333 1186 507 1275 ἐκκροῦσαι
545 1179 640 1267 τήνδε
669 1181 728 1266 τὴν
767 1179 860 1266 τάξιν
901 1183 1081 1272 ἐπιμέλειαί
1112 1207 1148 1250 τε
1184 1187 1238 1252 καὶ

235 1283 338 1377 ἀέρων
358 1283 548 1375 ὑπαλλαγαὶ
568 1293 624 1354 καὶ
640 1282 835 1379 προςτάξεις
852 1282 988 1378 ἰατριῦν,
1018 1290 1074 1354 καὶ
1095 1289 1241 1375 συμβου·

234 1389 303 1457 λιάι
326 1390 447 1459 θεῶν’
480 1388 581 1458 Κανά
606 1393 642 1457 δὲ
666 1386 723 1458 τόν
751 1386 853 1459 άυτὸν
879 1384 1003 1510 τρόπον
1026 1395 1082 1458 καὶ
1108 1392 1160 1457 ἐπὶ
1185 1390 1241 1472 τῆς

234 1493 345 1586 φυλῆς
362 1487 457 1586 ἱύροι
472 1502 524 1573 τις
542 1489 583 1560 όιν
600 1489 693 1585 παρά
709 1487 769 1576 τὴν
787 1489 930 1586 φυσικὴν
901 1489 1152 1576 γκατασκευὴν
1169 1495 1240 1560 δια-

235 1591 368 1726 φόρους
383 1600 576 1720 γινομένας
577 1601 633 1664 καὶ
651 1592 711 1676 τάς
729 1592 862 1688 πράξεις
879 1602 936 1664 καὶ
956 1592 1017 1676 τάς
1033 1599 1241 1718 προαιρέσεις

235 1705 291 1768 και
315 1695 392 1779 τοῦς
412 1702 516 1786 βίους.
561 1685 680 1779 Ηθος
700 1696 765 1826 γάρ
788 1699 835 1784 ³²)
861 1688 1062 1792 ἀνθρώπων
1076 1696 1163 1768 κατά
1182 1694 1240 1768 τόν

233 1798 469 1896 Ηράκλειτον,
491 1803 637 1893 δαίμων,
658 1807 809 1871 τουτέστι
823 1798 934 1896 φύσις.
959 1796 1019 1881 Ως
1036 1804 1241 1871 ἐπιπλεῖστον

233 1903 297 1999 γάρ
322 1912 396 1987 ταῖς
417 1914 577 2001 φυσικαῖς
598 1911 817 1984 κατασκευαῖς
841 1928 876 1973 τε
901 1910 957 1973 καὶ
978 1909 1159 1974 διαθέσεσι
1186 1909 1243 1972 καὶ

234 2008 295 2088 τάς
315 2007 464 2102 πράξεις,
486 2016 542 2079 καὶ
566 2007 643 2088 τοῦς
663 2001 773 2094 βίους,
802 2014 858 2077 καὶ
878 2006 939 2088 τάς
959 2010 1022 2077 τῶν
1037 2009 1119 2095 βόων
1139 2033 1240 2076 κατα·

237 2109 387 2205 στροφάς
414 2108 618 2182 ἀκολουθεῖν
646 2114 838 2201 συμβέβηκε.
893 2113 965 2180 Τῶν
984 2119 1045 2198 μὲν
1066 2109 1132 2203 γάρ
1157 2107 1240 2206 661-

235 2210 347 2302 μάγων
362 2218 405 2296 ⁵⁵)
421 2221 476 2284 καὶ
497 2211 733 2309 φιλοκινδύνων
751 2209 850 2306 φύσει
869 2209 983 2300 βίαιός
997 2241 1047 2295 τις
1061 2220 1118 2284 καὶ
1136 2211 1154 2284 ό
1169 2210 1240 2283 θά-

236 2333 334 2396 νατος
360 2313 404 2398 ὡς
426 2319 685 2387 ἐπιτοπλεῖστον·
724 2315 807 2402 άῦτη
832 2315 896 2410 γάρ
921 2321 1097 2411 έιμαρμένη
1121 2344 1155 2386 τε
1185 2323 1240 2386 καλ

236 2415 355 2548 φύσις
356 2416 478 2490 άυτοῦ·
511 2423 557 2512 τῷ
575 2423 611 2490 δὲ
633 2418 806 2513 ἀκολάστῳ
827 2427 882 2488 καὶ
901 2424 934 2489 ἐν
951 2418 1088 2542 ἡδοναῖς
1107 2416 1239 2502 ζιῦντιό

236 2528 270 2592 ἐν
294 2530 368 2604 ταῖς
390 2520 583 2616 άκρασὶαις,
612 2526 730 2616 καὶτῷ
750 2525 931 2645 καρτερικῷ
953 2519 972 2591 6
995 2519 1035 2592 δι’
1056 2521 1240 2650 ὑπερβολῆς
1303 2613 1307 2620 ¹

237 2623 343 2696 πόνων
361 2633 416 2694 καὶ
432 2629 684 2696 κακοπαθειῶν·
720 2629 767 2720 τῷ
791 2631 826 2695 δὲ
812 2622 1103 2734 ἑάνελευθέρω
1087 2652 1106 2693 ο
1128 2628 1163 2693 ἐκ
1182 2629 1241 2708 τῆς

237 2736 309 2821 περι
330 2728 368 2796 τό
390 2724 578 2860 άδιάφρρον
598 2732 758 2850 σπουδῦγς,
781 2725 859 2800 δι’“
837 2756 878 2813 ην
894 2697 1059 2798 ἀδικοῦσι
1063 2735 1120 2798 καὶ
1133 2725 1241 2799 ἀυτῶν

238 2829 434 2922 ὀλιγωροῦσι
456 2840 511 2902 καλ
532 2835 688 2903 πονοῦσιν
709 2829 768 2902 ῦπέ
771 2861 790 2924 ρ
809 2831 868 2916 τὴν
889 2828 1042 2922 δύναμιν·
1064 2829 1122 2901 δια
1130 2857 1240 2904 ετουτσ

230 2936 316 3022 ,γοῦν
338 2930 484 3004 έιεόθασι
505 2940 561 3004 καὶ
583 2939 739 3028 ἐπιλέγειν
763 2945 834 3016 τοῖς
857 2932 1038 3017 τοιούτοις,
1076 2931 1120 3014 ὡς
1140 2931 1241 3015 άυτός

183 3114 186 3120 ,
237 3034 327 3130 άυτῷ
341 3041 477 3164 γέγονεν
483 3034 589 3120 άίτιος
604 3043 662 3108 τοῦ
673 3034 840 3109 θανάτου.
868 3035 1029 3108 Τοιοῦτον
1037 3043 1072 3107 δὲ
1081 3036 1241 3118 ῦντσςτοῦ

237 3137 354 3236 καθ’
339 3143 554 3234 ειμαρμένην,
577 3137 651 3212 ὀότε
668 3140 726 3225 τὴν
697 3140 903 3263 γμαντικὴγ
921 3144 1054 3234 ἐροῦμεν
1076 3138 1242 3233 ἄχρηστον

237 3245 305 3344 ε’τι,
341 3236 572 3337 προορωμένην
603 3271 637 3312 τε
666 3242 704 3312 τὸ
734 3241 820 3312 κατά
846 3241 948 3340 φύσιν
973 3240 1239 3334 ἀποβησόμενον,

237 3354 292 3416 καὶ
312 3349 513 3433 βοηθοῦσαν
534 3345 590 3416 διά
618 3350 678 3416 τοῦ
704 3343 937 3437 συμβουλεύειν
965 3375 999 3417 τε
1027 3355 1083 3416 καὶ
1103 3341 1240 3416 κελεύειν

237 3451 497 3519 ἐνίστασθαι
458 3477 497 3546 τη
517 3453 573 3534 τῆς
594 3447 724 3545 φύσεως
743 3453 889 3543 χείρονος
909 3449 1110 3542 ἀκολουθίᾳ.
1148 3446 1237 3518 Ἀλλ

238 3547 305 3620 066
330 3548 347 3634 6
366 3558 423 3635 τῆς
442 3523 538 3645 τύχης
558 3550 821 3644 ἀναιρεθήσεται
840 3550 957 3647 φύσις,
978 3550 1046 3622 ἀλλ’
1067 3556 1129 3638 ἕξει
1145 3557 1242 3623 τινῶν

238 3654 352 3726 άιτέοιν
367 3656 411 3738 ³⁴)
428 3661 603 3746 συμπίπτει
622 3662 665 3740 ⁵⁵)
688 3665 758 3736 τοῖς
772 3663 975 3746 γιγνομένοις
989 3656 1076 3726 κατά
1088 3660 1242 3748 προαίρε-

238 3784 300 3827 σιν.
335 3758 409 3826 Ἔτι
431 3763 465 3827 δὲ
488 3763 614 3850 μᾶλλον
634 3752 674 3828 τό
695 3767 793 3830 θεῖον
819 3767 874 3828 καὶ
899 3765 935 3828 αἱ
960 3765 994 3829 ἐκ
1018 3755 1138 3830 τοῦτον
1157 3756 1239 3847 βοη-

237 3867 351 3961 θειαι,Ι
368 3868 423 3956 καὶ
438 3861 561 3954 οἱπερ
577 3860 667 3950 ἡμῶν
682 3866 771 3954 ένχαῖ
787 3870 888 3932 τεκαὶ
906 3859 1030 3947 δεήσεις
1048 3861 1106 3946 τὴν
1117 3861 1240 3932 όικελαν
