<?xml version="1.0" encoding="UTF-8"?>
<!DOCTYPE html PUBLIC "-//W3C//DTD XHTML 1.0 Transitional//EN"
    "http://www.w3.org/TR/xhtml1/DTD/xhtml1-transitional.dtd">
<html xmlns="http://www.w3.org/1999/xhtml" xml:lang="en" lang="en">
 <head>
  <title>
</title>
<meta http-equiv="Content-Type" content="text/html;charset=utf-8" />
  <meta name='ocr-system' content='tesseract 3.04.00' />
  <meta name='ocr-capabilities' content='ocr_page ocr_carea ocr_par ocr_line ocrx_word'/>
</head>
<body>
  <div class='ocr_page' id='page_1' title='image "./alexandriaprodi00alexgoog_0068.png"; bbox 0 0 2694 4508; ppageno 0'>
   <div class='ocr_carea' id='block_1_1' title="bbox 1068 361 1106 426">
    <p class='ocr_par' dir='ltr' id='par_1_1' title="bbox 1068 361 1106 426">
     <span class='ocr_line' id='line_1_1' title="bbox 1068 361 1106 426; baseline 0.079 -3"><span class='ocrx_word' id='word_1_1' title='bbox 1068 361 1106 426; x_wconf 76' lang='lat' dir='ltr'><strong>st</strong></span> 
     </span>
    </p>
   </div>
   <div class='ocr_carea' id='block_1_2' title="bbox 83 523 1186 4030">
    <p class='ocr_par' dir='ltr' id='par_1_2' title="bbox 97 523 1107 620">
     <span class='ocr_line' id='line_1_2' title="bbox 97 523 1107 620; baseline 0.012 -30"><span class='ocrx_word' id='word_1_2' title='bbox 97 547 138 590; x_wconf 86' lang='lat' dir='ltr'><strong>ex</strong></span> <span class='ocrx_word' id='word_1_3' title='bbox 153 523 391 610; x_wconf 77' lang='lat' dir='ltr'><strong>approbatione</strong></span> <span class='ocrx_word' id='word_1_4' title='bbox 406 539 514 592; x_wconf 76' lang='lat' dir='ltr'><strong>monta</strong></span> <span class='ocrx_word' id='word_1_5' title='bbox 523 527 677 594; x_wconf 89' lang='lat' dir='ltr'><strong>rationem</strong></span> <span class='ocrx_word' id='word_1_6' title='bbox 692 542 786 615; x_wconf 84' lang='lat' dir='ltr'><strong>atque</strong></span> <span class='ocrx_word' id='word_1_7' title='bbox 799 531 962 601; x_wconf 80' lang='lat' dir='ltr'><strong>iudicium.</strong></span> <span class='ocrx_word' id='word_1_8' title='bbox 986 535 1107 620; x_wconf 81' lang='lat' dir='ltr'>Sponte</span> 
     </span>
    </p>

    <p class='ocr_par' dir='ltr' id='par_1_3' title="bbox 83 629 1186 4030">
     <span class='ocr_line' id='line_1_3' title="bbox 98 629 1109 724; baseline 0.009 -29"><span class='ocrx_word' id='word_1_9' title='bbox 98 629 179 696; x_wconf 77' lang='lat' dir='ltr'><strong>enin</strong></span> <span class='ocrx_word' id='word_1_10' title='bbox 208 639 386 714; x_wconf 74' lang='lat' dir='ltr'><strong>operantur</strong></span> <span class='ocrx_word' id='word_1_11' title='bbox 413 639 445 698; x_wconf 90' lang='lat' dir='ltr'><strong>et</strong></span> <span class='ocrx_word' id='word_1_12' title='bbox 477 643 608 714; x_wconf 83' lang='lat' dir='ltr'><strong>caetera¹</strong></span> <span class='ocrx_word' id='word_1_13' title='bbox 629 635 795 716; x_wconf 78' lang='lat' dir='ltr'><strong>animantia</strong></span> <span class='ocrx_word' id='word_1_14' title='bbox 823 659 904 724; x_wconf 82' lang='lat' dir='ltr'><strong>quae</strong></span> <span class='ocrx_word' id='word_1_15' title='bbox 934 651 1109 722; x_wconf 78' lang='lat' dir='ltr'><strong>operantur</strong></span> 
     </span>
     <span class='ocr_line' id='line_1_4' title="bbox 97 734 1109 829; baseline 0.009 -29"><span class='ocrx_word' id='word_1_16' title='bbox 97 738 271 803; x_wconf 71' lang='lat' dir='ltr'><strong>nennium</strong></span> <span class='ocrx_word' id='word_1_17' title='bbox 296 734 469 802; x_wconf 89' lang='lat' dir='ltr'><strong>motionem</strong></span> <span class='ocrx_word' id='word_1_18' title='bbox 492 737 648 822; x_wconf 87' lang='lat' dir='ltr'><strong>appetitus</strong></span> <span class='ocrx_word' id='word_1_19' title='bbox 678 752 710 804; x_wconf 89' lang='lat' dir='ltr'><strong>et</strong></span> <span class='ocrx_word' id='word_1_20' title='bbox 736 742 999 829; x_wconf 79' lang='lat' dir='ltr'><strong>approbationem</strong></span> <span class='ocrx_word' id='word_1_21' title='bbox 1027 765 1109 828; x_wconf 86' lang='lat' dir='ltr'><strong>quae</strong></span> 
     </span>
     <span class='ocr_line' id='line_1_5' title="bbox 97 840 1106 930; baseline 0.008 -24"><span class='ocrx_word' id='word_1_22' title='bbox 97 851 144 906; x_wconf 86' lang='lat' dir='ltr'><strong>est</strong></span> <span class='ocrx_word' id='word_1_23' title='bbox 158 841 191 906; x_wconf 90' lang='lat' dir='ltr'><strong>in</strong></span> <span class='ocrx_word' id='word_1_24' title='bbox 209 840 304 926; x_wconf 82' lang='lat' dir='ltr'><strong>ipris.</strong></span> <span class='ocrx_word' id='word_1_25' title='bbox 348 841 456 922; x_wconf 84' lang='lat' dir='ltr'><strong>Quare</strong></span> <span class='ocrx_word' id='word_1_26' title='bbox 470 840 620 927; x_wconf 86' lang='lat' dir='ltr'><strong>quioquid</strong></span> <span class='ocrx_word' id='word_1_27' title='bbox 633 844 733 910; x_wconf 89' lang='lat' dir='ltr'><strong>libere</strong></span> <span class='ocrx_word' id='word_1_28' title='bbox 748 846 802 922; x_wconf 82' lang='lat' dir='ltr'><strong>fit,</strong></span> <span class='ocrx_word' id='word_1_29' title='bbox 826 847 908 912; x_wconf 85' lang='lat' dir='ltr'><strong>idem</strong></span> <span class='ocrx_word' id='word_1_30' title='bbox 924 855 955 914; x_wconf 86' lang='lat' dir='ltr'><strong>et</strong></span> <span class='ocrx_word' id='word_1_31' title='bbox 969 859 1106 930; x_wconf 79' lang='lat' dir='ltr'><strong>sponte:</strong></span> 
     </span>
     <span class='ocr_line' id='line_1_6' title="bbox 98 945 1108 1030; baseline 0 -20"><span class='ocrx_word' id='word_1_32' title='bbox 98 953 130 1010; x_wconf 83' lang='lat' dir='ltr'><strong>at</strong></span> <span class='ocrx_word' id='word_1_33' title='bbox 151 967 216 1010; x_wconf 89' lang='lat' dir='ltr'><strong>non</strong></span> <span class='ocrx_word' id='word_1_34' title='bbox 239 956 354 1010; x_wconf 84' lang='lat' dir='ltr'><strong>eontra</strong></span> <span class='ocrx_word' id='word_1_35' title='bbox 375 945 526 1030; x_wconf 66' lang='lat' dir='ltr'><strong>quicquit</strong></span> <span class='ocrx_word' id='word_1_36' title='bbox 546 959 661 1030; x_wconf 86' lang='lat' dir='ltr'><strong>sponte</strong></span> <span class='ocrx_word' id='word_1_37' title='bbox 680 949 739 1026; x_wconf 83' lang='lat' dir='ltr'><strong>fit,</strong></span> <span class='ocrx_word' id='word_1_38' title='bbox 763 947 796 1012; x_wconf 83' lang='lat' dir='ltr'><strong>id</strong></span> <span class='ocrx_word' id='word_1_39' title='bbox 816 949 951 1016; x_wconf 83' lang='lat' dir='ltr'><strong>liberum</strong></span> <span class='ocrx_word' id='word_1_40' title='bbox 974 961 1021 1014; x_wconf 88' lang='lat' dir='ltr'><strong>est</strong></span> <span class='ocrx_word' id='word_1_41' title='bbox 1048 971 1108 1016; x_wconf 63' lang='lat' dir='ltr'><strong>no,-</strong></span> 
     </span>
     <span class='ocr_line' id='line_1_7' title="bbox 94 1049 1186 1137; baseline 0.003 -22"><span class='ocrx_word' id='word_1_42' title='bbox 94 1059 245 1136; x_wconf 76' lang='lat' dir='ltr'><strong>anaeque</strong></span> <span class='ocrx_word' id='word_1_43' title='bbox 260 1049 441 1132; x_wconf 83' lang='lat' dir='ltr'><strong>potestatis.</strong></span> <span class='ocrx_word' id='word_1_44' title='bbox 485 1051 568 1114; x_wconf 82' lang='lat' dir='ltr'><strong>Nam</strong></span> <span class='ocrx_word' id='word_1_45' title='bbox 586 1063 701 1133; x_wconf 90' lang='lat' dir='ltr'><strong>sponte</strong></span> <span class='ocrx_word' id='word_1_46' title='bbox 723 1055 812 1137; x_wconf 84' lang='lat' dir='ltr'><strong>quod</strong></span> <span class='ocrx_word' id='word_1_47' title='bbox 831 1053 968 1118; x_wconf 81' lang='lat' dir='ltr'><strong>efficiunt</strong></span> <span class='ocrx_word' id='word_1_48' title='bbox 986 1066 1017 1118; x_wconf 88' lang='lat' dir='ltr'><strong>et</strong></span> <span class='ocrx_word' id='word_1_49' title='bbox 1036 1075 1107 1119; x_wconf 85' lang='lat' dir='ltr'><strong>oae-</strong></span> <span class='ocrx_word' id='word_1_50' title='bbox 1184 1113 1186 1118; x_wconf 81' lang='grc'>,</span> 
     </span>
     <span class='ocr_line' id='line_1_8' title="bbox 96 1152 1108 1240; baseline 0.004 -22"><span class='ocrx_word' id='word_1_51' title='bbox 96 1165 164 1218; x_wconf 85' lang='lat' dir='ltr'><strong>tera</strong></span> <span class='ocrx_word' id='word_1_52' title='bbox 187 1152 379 1230; x_wconf 78' lang='lat' dir='ltr'><strong>animantia,</strong></span> <span class='ocrx_word' id='word_1_53' title='bbox 409 1152 465 1217; x_wconf 89' lang='lat' dir='ltr'><strong>ubi</strong></span> <span class='ocrx_word' id='word_1_54' title='bbox 479 1166 661 1238; x_wconf 75' lang='lat' dir='ltr'><strong>‚operantur</strong></span> <span class='ocrx_word' id='word_1_55' title='bbox 683 1176 721 1219; x_wconf 90' lang='lat' dir='ltr'><strong>ea</strong></span> <span class='ocrx_word' id='word_1_56' title='bbox 737 1156 880 1221; x_wconf 88' lang='lat' dir='ltr'><strong>motione</strong></span> <span class='ocrx_word' id='word_1_57' title='bbox 900 1158 1057 1240; x_wconf 76' lang='lat' dir='ltr'><strong>appetitus</strong></span> <span class='ocrx_word' id='word_1_58' title='bbox 1076 1170 1108 1222; x_wconf 89' lang='lat' dir='ltr'><strong>et</strong></span> 
     </span>
     <span class='ocr_line' id='line_1_9' title="bbox 83 1249 1108 1342; baseline 0.007 -23"><span class='ocrx_word' id='word_1_59' title='bbox 83 1249 352 1342; x_wconf 72' lang='lat' dir='ltr'><strong>approbatione,</strong></span> <span class='ocrx_word' id='word_1_60' title='bbox 376 1265 529 1342; x_wconf 74' lang='lat' dir='ltr'><strong>quaeest</strong></span> <span class='ocrx_word' id='word_1_61' title='bbox 545 1257 628 1322; x_wconf 87' lang='lat' dir='ltr'><strong>iutra</strong></span> <span class='ocrx_word' id='word_1_62' title='bbox 645 1258 714 1340; x_wconf 85' lang='lat' dir='ltr'><strong>ipsa</strong></span> <span class='ocrx_word' id='word_1_63' title='bbox 728 1283 736 1334; x_wconf 90' lang='lat'><strong>;</strong></span> <span class='ocrx_word' id='word_1_64' title='bbox 771 1271 803 1322; x_wconf 84' lang='lat' dir='ltr'><strong>at</strong></span> <span class='ocrx_word' id='word_1_65' title='bbox 819 1259 851 1324; x_wconf 88' lang='lat' dir='ltr'><strong>iu</strong></span> <span class='ocrx_word' id='word_1_66' title='bbox 861 1282 928 1324; x_wconf 59' lang='lat' dir='ltr'><strong>‘sua</strong></span> <span class='ocrx_word' id='word_1_67' title='bbox 950 1271 1108 1342; x_wconf 80' lang='lat' dir='ltr'><strong>potestate</strong></span> 
     </span>
     <span class='ocr_line' id='line_1_10' title="bbox 97 1361 1108 1448; baseline 0.003 -22"><span class='ocrx_word' id='word_1_68' title='bbox 97 1361 221 1426; x_wconf 80' lang='lat' dir='ltr'><strong>babere</strong></span> <span class='ocrx_word' id='word_1_69' title='bbox 243 1383 324 1446; x_wconf 87' lang='lat' dir='ltr'><strong>qnae</strong></span> <span class='ocrx_word' id='word_1_70' title='bbox 342 1361 457 1438; x_wconf 81' lang='lat' dir='ltr'><strong>iaoiat,</strong></span> <span class='ocrx_word' id='word_1_71' title='bbox 481 1361 514 1426; x_wconf 89' lang='lat' dir='ltr'><strong>id</strong></span> <span class='ocrx_word' id='word_1_72' title='bbox 535 1381 615 1430; x_wconf 81' lang='lat' dir='ltr'><strong>vero</strong></span> <span class='ocrx_word' id='word_1_73' title='bbox 637 1362 773 1428; x_wconf 85' lang='lat' dir='ltr'><strong>bominis</strong></span> <span class='ocrx_word' id='word_1_74' title='bbox 799 1363 1000 1448; x_wconf 61' lang='lat' dir='ltr'><strong>proprium„</strong></span> <span class='ocrx_word' id='word_1_75' title='bbox 1025 1365 1108 1429; x_wconf 87' lang='lat' dir='ltr'><strong>Nam</strong></span> 
     </span>
     <span class='ocr_line' id='line_1_11' title="bbox 96 1463 1108 1551; baseline 0.004 -21"><span class='ocrx_word' id='word_1_76' title='bbox 96 1487 139 1532; x_wconf 91' lang='lat' dir='ltr'><strong>eo</strong></span> <span class='ocrx_word' id='word_1_77' title='bbox 152 1465 229 1549; x_wconf 87' lang='lat' dir='ltr'><strong>ipso</strong></span> <span class='ocrx_word' id='word_1_78' title='bbox 244 1477 295 1530; x_wconf 83' lang='lat' dir='ltr'><strong>ert</strong></span> <span class='ocrx_word' id='word_1_79' title='bbox 308 1463 440 1529; x_wconf 84' lang='lat' dir='ltr'><strong>rationis</strong></span> <span class='ocrx_word' id='word_1_80' title='bbox 455 1465 639 1549; x_wconf 79' lang='lat' dir='ltr'><strong>particeps,</strong></span> <span class='ocrx_word' id='word_1_81' title='bbox 658 1467 745 1551; x_wconf 79' lang='lat' dir='ltr'><strong>quod</strong></span> <span class='ocrx_word' id='word_1_82' title='bbox 763 1469 796 1533; x_wconf 89' lang='lat' dir='ltr'><strong>in</strong></span> <span class='ocrx_word' id='word_1_83' title='bbox 818 1490 853 1532; x_wconf 85' lang='lat' dir='ltr'><strong>se</strong></span> <span class='ocrx_word' id='word_1_84' title='bbox 874 1470 992 1532; x_wconf 86' lang='lat' dir='ltr'><strong>habeat</strong></span> <span class='ocrx_word' id='word_1_85' title='bbox 1008 1470 1108 1534; x_wconf 85' lang='lat' dir='ltr'><strong>ratio·</strong></span> 
     </span>
     <span class='ocr_line' id='line_1_12' title="bbox 96 1568 1107 1656; baseline 0.006 -22"><span class='ocrx_word' id='word_1_86' title='bbox 96 1590 171 1634; x_wconf 83' lang='lat' dir='ltr'><strong>uena</strong></span> <span class='ocrx_word' id='word_1_87' title='bbox 180 1569 329 1636; x_wconf 79' lang='lat' dir='ltr'><strong>visorum</strong></span> <span class='ocrx_word' id='word_1_88' title='bbox 342 1589 425 1652; x_wconf 83' lang='lat' dir='ltr'><strong>quae</strong></span> <span class='ocrx_word' id='word_1_89' title='bbox 438 1568 500 1653; x_wconf 87' lang='lat' dir='ltr'><strong>ipsi</strong></span> <span class='ocrx_word' id='word_1_90' title='bbox 514 1569 670 1647; x_wconf 83' lang='lat' dir='ltr'><strong>accidunt,</strong></span> <span class='ocrx_word' id='word_1_91' title='bbox 694 1571 897 1655; x_wconf 87' lang='lat' dir='ltr'><strong>omniumque</strong></span> <span class='ocrx_word' id='word_1_92' title='bbox 911 1573 1107 1656; x_wconf 77' lang='lat' dir='ltr'><strong>agendon&#39;nun</strong></span> 
     </span>
     <span class='ocr_line' id='line_1_13' title="bbox 97 1663 1107 1758; baseline 0.004 -22"><span class='ocrx_word' id='word_1_93' title='bbox 97 1685 129 1736; x_wconf 86' lang='lat' dir='ltr'><strong>et</strong></span> <span class='ocrx_word' id='word_1_94' title='bbox 149 1693 216 1738; x_wconf 89' lang='lat' dir='ltr'><strong>non</strong></span> <span class='ocrx_word' id='word_1_95' title='bbox 239 1663 437 1758; x_wconf 83' lang='lat' dir='ltr'><strong>agendorum</strong></span> <span class='ocrx_word' id='word_1_96' title='bbox 453 1671 588 1737; x_wconf 71' lang='lat' dir='ltr'><strong>iudicem</strong></span> <span class='ocrx_word' id='word_1_97' title='bbox 613 1683 645 1737; x_wconf 88' lang='lat' dir='ltr'><strong>et</strong></span> <span class='ocrx_word' id='word_1_98' title='bbox 659 1674 880 1756; x_wconf 77' lang='lat' dir='ltr'><strong>reperti-inem.</strong></span> <span class='ocrx_word' id='word_1_99' title='bbox 924 1675 1032 1756; x_wconf 84' lang='lat' dir='ltr'><strong>Quare</strong></span> <span class='ocrx_word' id='word_1_100' title='bbox 1048 1676 1107 1741; x_wconf 88' lang='lat' dir='ltr'><strong>alia</strong></span> 
     </span>
     <span class='ocr_line' id='line_1_14' title="bbox 97 1775 1107 1862; baseline 0.003 -22"><span class='ocrx_word' id='word_1_101' title='bbox 97 1777 224 1862; x_wconf 76' lang='lat' dir='ltr'><strong>quidem</strong></span> <span class='ocrx_word' id='word_1_102' title='bbox 247 1776 431 1854; x_wconf 86' lang='lat' dir='ltr'><strong>animantia,</strong></span> <span class='ocrx_word' id='word_1_103' title='bbox 467 1795 549 1860; x_wconf 85' lang='lat' dir='ltr'><strong>quae</strong></span> <span class='ocrx_word' id='word_1_104' title='bbox 570 1775 743 1841; x_wconf 76' lang='lat' dir='ltr'><strong>visionibus</strong></span> <span class='ocrx_word' id='word_1_105' title='bbox 767 1777 844 1844; x_wconf 89' lang='lat' dir='ltr'><strong>solis</strong></span> <span class='ocrx_word' id='word_1_106' title='bbox 865 1790 997 1861; x_wconf 86' lang='lat' dir='ltr'><strong>parent,</strong></span> <span class='ocrx_word' id='word_1_107' title='bbox 1034 1779 1107 1844; x_wconf 83' lang='lat' dir='ltr'><strong>inde</strong></span> 
     </span>
     <span class='ocr_line' id='line_1_15' title="bbox 97 1878 1109 1964; baseline 0 -19"><span class='ocrx_word' id='word_1_108' title='bbox 97 1881 218 1945; x_wconf 86' lang='lat' dir='ltr'><strong>babent</strong></span> <span class='ocrx_word' id='word_1_109' title='bbox 238 1899 349 1942; x_wconf 83' lang='lat' dir='ltr'><strong>causas</strong></span> <span class='ocrx_word' id='word_1_110' title='bbox 367 1891 433 1943; x_wconf 84' lang='lat' dir='ltr'><strong>nun</strong></span> <span class='ocrx_word' id='word_1_111' title='bbox 456 1878 716 1964; x_wconf 83' lang='lat' dir='ltr'><strong>approbationis,</strong></span> <span class='ocrx_word' id='word_1_112' title='bbox 740 1891 809 1942; x_wconf 88' lang='lat' dir='ltr'><strong>tum</strong></span> <span class='ocrx_word' id='word_1_113' title='bbox 831 1880 988 1962; x_wconf 86' lang='lat' dir='ltr'><strong>appetitus</strong></span> <span class='ocrx_word' id='word_1_114' title='bbox 1011 1901 1046 1944; x_wconf 88' lang='lat' dir='ltr'><strong>se</strong></span> <span class='ocrx_word' id='word_1_115' title='bbox 1069 1884 1109 1945; x_wconf 82' lang='lat' dir='ltr'><strong>ad</strong></span> 
     </span>
     <span class='ocr_line' id='line_1_16' title="bbox 99 1979 1108 2068; baseline 0 -20"><span class='ocrx_word' id='word_1_116' title='bbox 99 1981 322 2068; x_wconf 77' lang='lat' dir='ltr'><strong>operationem</strong></span> <span class='ocrx_word' id='word_1_117' title='bbox 343 1979 513 2048; x_wconf 87' lang='lat' dir='ltr'><strong>moventia.</strong></span> <span class='ocrx_word' id='word_1_118' title='bbox 558 1983 670 2047; x_wconf 90' lang='lat' dir='ltr'><strong>Homo</strong></span> <span class='ocrx_word' id='word_1_119' title='bbox 692 2001 774 2046; x_wconf 84' lang='lat' dir='ltr'><strong>vero</strong></span> <span class='ocrx_word' id='word_1_120' title='bbox 795 1981 1028 2048; x_wconf 83' lang='lat' dir='ltr'><strong>adventantium</strong></span> <span class='ocrx_word' id='word_1_121' title='bbox 1046 1984 1108 2068; x_wconf 90' lang='lat' dir='ltr'><strong>ipsi</strong></span> 
     </span>
     <span class='ocr_line' id='line_1_17' title="bbox 99 2071 1107 2171; baseline 0.006 -21"><span class='ocrx_word' id='word_1_122' title='bbox 99 2083 303 2152; x_wconf 78' lang='lat' dir='ltr'><strong>extrinsecus</strong></span> <span class='ocrx_word' id='word_1_123' title='bbox 350 2087 509 2152; x_wconf 87' lang='lat' dir='ltr'><strong>visionum</strong></span> <span class='ocrx_word' id='word_1_124' title='bbox 552 2089 591 2150; x_wconf 81' lang='lat' dir='ltr'><strong>de</strong></span> <span class='ocrx_word' id='word_1_125' title='bbox 630 2087 729 2150; x_wconf 84' lang='lat' dir='ltr'><strong>rebus</strong></span> <span class='ocrx_word' id='word_1_126' title='bbox 773 2085 902 2171; x_wconf 78' lang='lat' dir='ltr'><strong>agendis</strong></span> <span class='ocrx_word' id='word_1_127' title='bbox 952 2071 1107 2156; x_wconf 83' lang='lat' dir='ltr'><strong>rationem</strong></span> 
     </span>
     <span class='ocr_line' id='line_1_18' title="bbox 97 2171 1154 2276; baseline 0.003 -22"><span class='ocrx_word' id='word_1_128' title='bbox 97 2191 197 2254; x_wconf 85' lang='lat' dir='ltr'><strong>babet</strong></span> <span class='ocrx_word' id='word_1_129' title='bbox 220 2190 495 2274; x_wconf 69' lang='lat' dir='ltr'><strong>disceptatricem</strong></span> <span class='ocrx_word' id='word_1_130' title='bbox 530 2209 593 2274; x_wconf 83' lang='lat' dir='ltr'><strong>qun</strong></span> <span class='ocrx_word' id='word_1_131' title='bbox 613 2201 707 2253; x_wconf 76' lang='lat' dir='ltr'><strong>attens</strong></span> <span class='ocrx_word' id='word_1_132' title='bbox 732 2189 800 2254; x_wconf 80' lang='lat' dir='ltr'><strong>visa</strong></span> <span class='ocrx_word' id='word_1_133' title='bbox 825 2190 951 2276; x_wconf 74' lang='lat' dir='ltr'><strong>singula</strong></span> <span class='ocrx_word' id='word_1_134' title='bbox 976 2193 1108 2258; x_wconf 71' lang='lat' dir='ltr'><strong>adera·</strong></span> <span class='ocrx_word' id='word_1_135' title='bbox 1147 2171 1154 2190; x_wconf 70' lang='grc'><em>’</em></span> 
     </span>
     <span class='ocr_line' id='line_1_19' title="bbox 95 2291 1105 2376; baseline 0.001 -18"><span class='ocrx_word' id='word_1_136' title='bbox 95 2313 170 2358; x_wconf 77' lang='lat' dir='ltr'><strong>men</strong></span> <span class='ocrx_word' id='word_1_137' title='bbox 196 2304 315 2371; x_wconf 86' lang='lat' dir='ltr'><strong>voeat,</strong></span> <span class='ocrx_word' id='word_1_138' title='bbox 354 2312 419 2358; x_wconf 89' lang='lat' dir='ltr'><strong>nou</strong></span> <span class='ocrx_word' id='word_1_139' title='bbox 441 2295 538 2358; x_wconf 88' lang='lat' dir='ltr'><strong>modo</strong></span> <span class='ocrx_word' id='word_1_140' title='bbox 565 2312 604 2356; x_wconf 87' lang='lat' dir='ltr'><strong>an</strong></span> <span class='ocrx_word' id='word_1_141' title='bbox 629 2293 723 2356; x_wconf 87' lang='lat' dir='ltr'><strong>talem</strong></span> <span class='ocrx_word' id='word_1_142' title='bbox 744 2293 883 2376; x_wconf 79' lang='lat' dir='ltr'><strong>speeiem</strong></span> <span class='ocrx_word' id='word_1_143' title='bbox 904 2291 1105 2376; x_wconf 82' lang='lat' dir='ltr'><strong>praeferant,</strong></span> 
     </span>
     <span class='ocr_line' id='line_1_20' title="bbox 95 2395 1107 2482; baseline 0.002 -22"><span class='ocrx_word' id='word_1_144' title='bbox 95 2397 228 2482; x_wconf 78' lang='lat' dir='ltr'><strong>qualem</strong></span> <span class='ocrx_word' id='word_1_145' title='bbox 243 2398 446 2480; x_wconf 84' lang='lat' dir='ltr'><strong>praeferunt,</strong></span> <span class='ocrx_word' id='word_1_146' title='bbox 482 2417 593 2460; x_wconf 79' lang='lat' dir='ltr'><strong>venam</strong></span> <span class='ocrx_word' id='word_1_147' title='bbox 620 2395 712 2459; x_wconf 87' lang='lat' dir='ltr'><strong>etiam</strong></span> <span class='ocrx_word' id='word_1_148' title='bbox 734 2416 773 2459; x_wconf 88' lang='lat' dir='ltr'><strong>an</strong></span> <span class='ocrx_word' id='word_1_149' title='bbox 796 2395 857 2462; x_wconf 89' lang='lat' dir='ltr'><strong>sint</strong></span> <span class='ocrx_word' id='word_1_150' title='bbox 878 2397 964 2460; x_wconf 78' lang='lat' dir='ltr'><strong>talia.</strong></span> <span class='ocrx_word' id='word_1_151' title='bbox 1010 2399 1107 2479; x_wconf 86' lang='lat' dir='ltr'><strong>Quod</strong></span> 
     </span>
     <span class='ocr_line' id='line_1_21' title="bbox 95 2497 1104 2584; baseline 0.002 -20"><span class='ocrx_word' id='word_1_152' title='bbox 95 2501 219 2566; x_wconf 81' lang='lat' dir='ltr'><strong>sicum</strong></span> <span class='ocrx_word' id='word_1_153' title='bbox 249 2497 376 2565; x_wconf 86' lang='lat' dir='ltr'><strong>ratione</strong></span> <span class='ocrx_word' id='word_1_154' title='bbox 408 2498 613 2584; x_wconf 82' lang='lat' dir='ltr'><strong>disqturendo</strong></span> <span class='ocrx_word' id='word_1_155' title='bbox 640 2498 780 2562; x_wconf 84' lang='lat' dir='ltr'><strong>inveniat</strong></span> <span class='ocrx_word' id='word_1_156' title='bbox 808 2499 893 2563; x_wconf 84' lang='lat' dir='ltr'><strong>aliud</strong></span> <span class='ocrx_word' id='word_1_157' title='bbox 916 2500 947 2564; x_wconf 89' lang='lat' dir='ltr'><strong>in</strong></span> <span class='ocrx_word' id='word_1_158' title='bbox 978 2502 1104 2584; x_wconf 82' lang='lat' dir='ltr'><strong>speeie,</strong></span> 
     </span>
     <span class='ocr_line' id='line_1_22' title="bbox 96 2601 1107 2686; baseline 0.001 -18"><span class='ocrx_word' id='word_1_159' title='bbox 96 2603 182 2668; x_wconf 81' lang='lat' dir='ltr'><strong>aliud</strong></span> <span class='ocrx_word' id='word_1_160' title='bbox 197 2601 234 2669; x_wconf 92' lang='lat' dir='ltr'><strong>in</strong></span> <span class='ocrx_word' id='word_1_161' title='bbox 254 2623 291 2668; x_wconf 90' lang='lat' dir='ltr'><strong>re</strong></span> <span class='ocrx_word' id='word_1_162' title='bbox 310 2623 401 2681; x_wconf 86' lang='lat' dir='ltr'><strong>esse,</strong></span> <span class='ocrx_word' id='word_1_163' title='bbox 438 2621 505 2666; x_wconf 90' lang='lat' dir='ltr'><strong>non</strong></span> <span class='ocrx_word' id='word_1_164' title='bbox 524 2603 599 2667; x_wconf 89' lang='lat' dir='ltr'><strong>ide&#39;o</strong></span> <span class='ocrx_word' id='word_1_165' title='bbox 619 2601 690 2668; x_wconf 80' lang='lat' dir='ltr'><strong>uiso</strong></span> <span class='ocrx_word' id='word_1_166' title='bbox 713 2601 813 2684; x_wconf 75' lang='lat' dir='ltr'><strong>uestit,</strong></span> <span class='ocrx_word' id='word_1_167' title='bbox 847 2601 922 2686; x_wconf 73' lang='lat' dir='ltr'><strong>qma</strong></span> <span class='ocrx_word' id='word_1_168' title='bbox 946 2603 1017 2667; x_wconf 81' lang='lat' dir='ltr'><strong>tatia</strong></span> <span class='ocrx_word' id='word_1_169' title='bbox 1040 2604 1107 2670; x_wconf 88' lang='lat' dir='ltr'><strong>eius</strong></span> 
     </span>
     <span class='ocr_line' id='line_1_23' title="bbox 95 2704 1107 2792; baseline -0.002 -20"><span class='ocrx_word' id='word_1_170' title='bbox 95 2708 219 2792; x_wconf 64' lang='lat' dir='ltr'><strong>menies</strong></span> <span class='ocrx_word' id='word_1_171' title='bbox 239 2725 275 2770; x_wconf 80' lang='lat' dir='ltr'><strong>se</strong></span> <span class='ocrx_word' id='word_1_172' title='bbox 298 2706 430 2784; x_wconf 88' lang='lat' dir='ltr'><strong>obtulit,</strong></span> <span class='ocrx_word' id='word_1_173' title='bbox 454 2709 511 2770; x_wconf 85' lang='lat' dir='ltr'><strong>aed</strong></span> <span class='ocrx_word' id='word_1_174' title='bbox 528 2704 603 2790; x_wconf 79' lang='lat' dir='ltr'><strong>qm&#39;a</strong></span> <span class='ocrx_word' id='word_1_175' title='bbox 623 2725 737 2768; x_wconf 81' lang='lat' dir='ltr'><strong>revera</strong></span> <span class='ocrx_word' id='word_1_176' title='bbox 751 2705 813 2771; x_wconf 89' lang='lat' dir='ltr'><strong>tale</strong></span> <span class='ocrx_word' id='word_1_177' title='bbox 827 2725 893 2770; x_wconf 88' lang='lat' dir='ltr'><strong>non</strong></span> <span class='ocrx_word' id='word_1_178' title='bbox 907 2717 976 2784; x_wconf 83' lang='lat' dir='ltr'><strong>est,</strong></span> <span class='ocrx_word' id='word_1_179' title='bbox 1002 2706 1033 2771; x_wconf 92' lang='lat' dir='ltr'><strong>ei</strong></span> <span class='ocrx_word' id='word_1_180' title='bbox 1046 2709 1107 2773; x_wconf 84' lang='lat' dir='ltr'><strong>oh·</strong></span> 
     </span>
     <span class='ocr_line' id='line_1_24' title="bbox 95 2808 1107 2896; baseline -0.001 -20"><span class='ocrx_word' id='word_1_181' title='bbox 95 2810 193 2878; x_wconf 78' lang='lat' dir='ltr'><strong>sistit.</strong></span> <span class='ocrx_word' id='word_1_182' title='bbox 227 2809 284 2876; x_wconf 77' lang='lat' dir='ltr'><strong>Sit</strong></span> <span class='ocrx_word' id='word_1_183' title='bbox 296 2809 398 2896; x_wconf 79' lang='lat' dir='ltr'><strong>igitur</strong></span> <span class='ocrx_word' id='word_1_184' title='bbox 412 2811 452 2873; x_wconf 81' lang='lat' dir='ltr'><strong>ab</strong></span> <span class='ocrx_word' id='word_1_185' title='bbox 466 2809 506 2872; x_wconf 83' lang='lat' dir='ltr'><strong>iis</strong></span> <span class='ocrx_word' id='word_1_186' title='bbox 519 2827 601 2894; x_wconf 86' lang='lat' dir='ltr'><strong>qnae</strong></span> <span class='ocrx_word' id='word_1_187' title='bbox 612 2808 722 2872; x_wconf 73' lang='lat' dir='ltr'><strong>salatia</strong></span> <span class='ocrx_word' id='word_1_188' title='bbox 736 2809 883 2874; x_wconf 76' lang='lat' dir='ltr'><strong>videntur</strong></span> <span class='ocrx_word' id='word_1_189' title='bbox 898 2829 993 2893; x_wconf 83' lang='lat' dir='ltr'><strong>saepe</strong></span> <span class='ocrx_word' id='word_1_190' title='bbox 1009 2811 1107 2876; x_wconf 84' lang='lat' dir='ltr'><strong>absti-</strong></span> 
     </span>
     <span class='ocr_line' id='line_1_25' title="bbox 94 2911 1106 3000; baseline 0.002 -22"><span class='ocrx_word' id='word_1_191' title='bbox 94 2925 161 2992; x_wconf 84' lang='lat' dir='ltr'><strong>net,</strong></span> <span class='ocrx_word' id='word_1_192' title='bbox 184 2933 365 3000; x_wconf 73' lang='lat' dir='ltr'><strong>qnauqoam</strong></span> <span class='ocrx_word' id='word_1_193' title='bbox 380 2931 492 2978; x_wconf 84' lang='lat' dir='ltr'><strong>eorum</strong></span> <span class='ocrx_word' id='word_1_194' title='bbox 511 2911 669 2976; x_wconf 82' lang='lat' dir='ltr'><strong>desiderio</strong></span> <span class='ocrx_word' id='word_1_195' title='bbox 682 2913 843 2989; x_wconf 81' lang='lat' dir='ltr'><strong>trabatur,</strong></span> <span class='ocrx_word' id='word_1_196' title='bbox 868 2913 940 2998; x_wconf 85' lang='lat' dir='ltr'><strong>qnia</strong></span> <span class='ocrx_word' id='word_1_197' title='bbox 961 2914 1106 2980; x_wconf 87' lang='lat' dir='ltr'><strong>nimirum</strong></span> 
     </span>
     <span class='ocr_line' id='line_1_26' title="bbox 96 3013 1106 3104; baseline 0.004 -22"><span class='ocrx_word' id='word_1_198' title='bbox 96 3017 254 3082; x_wconf 58' lang='lat' dir='ltr'><strong>monem</strong></span> <span class='ocrx_word' id='word_1_199' title='bbox 265 3035 330 3080; x_wconf 88' lang='lat' dir='ltr'><strong>nou</strong></span> <span class='ocrx_word' id='word_1_200' title='bbox 343 3017 439 3080; x_wconf 87' lang='lat' dir='ltr'><strong>babet</strong></span> <span class='ocrx_word' id='word_1_201' title='bbox 454 3015 484 3080; x_wconf 90' lang='lat' dir='ltr'><strong>ei</strong></span> <span class='ocrx_word' id='word_1_202' title='bbox 497 3033 590 3100; x_wconf 61' lang='lat' dir='ltr'><strong>mam</strong></span> <span class='ocrx_word' id='word_1_203' title='bbox 600 3017 747 3080; x_wconf 86' lang='lat' dir='ltr'><strong>hauserat</strong></span> <span class='ocrx_word' id='word_1_204' title='bbox 759 3013 888 3104; x_wconf 80' lang='lat' dir='ltr'><strong>imagini</strong></span> <span class='ocrx_word' id='word_1_205' title='bbox 900 3031 1106 3086; x_wconf 72' lang='lat' dir='ltr'><strong>nomentana·</strong></span> 
     </span>
     <span class='ocr_line' id='line_1_27' title="bbox 98 3119 1107 3204; baseline 0.002 -20"><span class='ocrx_word' id='word_1_206' title='bbox 98 3141 165 3184; x_wconf 79' lang='lat' dir='ltr'><strong>aaa.</strong></span> <span class='ocrx_word' id='word_1_207' title='bbox 185 3119 241 3186; x_wconf 86' lang='lat' dir='ltr'><strong>Sio</strong></span> <span class='ocrx_word' id='word_1_208' title='bbox 254 3131 290 3183; x_wconf 90' lang='lat' dir='ltr'><strong>et</strong></span> <span class='ocrx_word' id='word_1_209' title='bbox 301 3122 453 3204; x_wconf 60' lang='lat' dir='ltr'><strong>maedam</strong></span> <span class='ocrx_word' id='word_1_210' title='bbox 466 3141 547 3204; x_wconf 84' lang='lat' dir='ltr'><strong>quae</strong></span> <span class='ocrx_word' id='word_1_211' title='bbox 558 3120 704 3186; x_wconf 77' lang='lat' dir='ltr'><strong>videntur</strong></span> <span class='ocrx_word' id='word_1_212' title='bbox 714 3120 812 3198; x_wconf 83' lang='lat' dir='ltr'><strong>utilia,</strong></span> <span class='ocrx_word' id='word_1_213' title='bbox 830 3122 975 3199; x_wconf 78' lang='lat' dir='ltr'><strong>declinat,</strong></span> <span class='ocrx_word' id='word_1_214' title='bbox 984 3121 1107 3186; x_wconf 84' lang='lat' dir='ltr'><strong>ratione</strong></span> 
     </span>
     <span class='ocr_line' id='line_1_28' title="bbox 95 3221 1106 3310; baseline -0.002 -20"><span class='ocrx_word' id='word_1_215' title='bbox 95 3225 289 3290; x_wconf 75' lang='lat' dir='ltr'><strong>decernente</strong></span> <span class='ocrx_word' id='word_1_216' title='bbox 297 3221 544 3290; x_wconf 73' lang='lat' dir='ltr'><strong>itataoiendum.</strong></span> <span class='ocrx_word' id='word_1_217' title='bbox 569 3221 666 3303; x_wconf 78' lang='lat' dir='ltr'><strong>Qnod</strong></span> <span class='ocrx_word' id='word_1_218' title='bbox 677 3221 704 3287; x_wconf 88' lang='lat' dir='ltr'><strong>si</strong></span> <span class='ocrx_word' id='word_1_219' title='bbox 717 3222 852 3289; x_wconf 79' lang='lat' dir='ltr'><strong>liberum</strong></span> <span class='ocrx_word' id='word_1_220' title='bbox 865 3225 914 3292; x_wconf 92' lang='lat' dir='ltr'><strong>ius</strong></span> <span class='ocrx_word' id='word_1_221' title='bbox 930 3223 1043 3310; x_wconf 79' lang='lat' dir='ltr'><strong>agendi</strong></span> <span class='ocrx_word' id='word_1_222' title='bbox 1058 3236 1106 3288; x_wconf 80' lang='lat' dir='ltr'><strong>est</strong></span> 
     </span>
     <span class='ocr_line' id='line_1_29' title="bbox 97 3319 1106 3414; baseline -0.001 -24"><span class='ocrx_word' id='word_1_223' title='bbox 97 3325 130 3390; x_wconf 90' lang='lat' dir='ltr'><strong>in</strong></span> <span class='ocrx_word' id='word_1_224' title='bbox 152 3325 386 3410; x_wconf 87' lang='lat' dir='ltr'><strong>approbatione</strong></span> <span class='ocrx_word' id='word_1_225' title='bbox 401 3349 455 3404; x_wconf 92' lang='lat' dir='ltr'><strong>ea,</strong></span> <span class='ocrx_word' id='word_1_226' title='bbox 479 3347 559 3411; x_wconf 86' lang='lat' dir='ltr'><strong>quae</strong></span> <span class='ocrx_word' id='word_1_227' title='bbox 574 3327 698 3392; x_wconf 88' lang='lat' dir='ltr'><strong>ratione</strong></span> <span class='ocrx_word' id='word_1_228' title='bbox 713 3319 910 3414; x_wconf 84' lang='lat' dir='ltr'><strong>gubernatur</strong></span> <span class='ocrx_word' id='word_1_229' title='bbox 924 3339 956 3392; x_wconf 84' lang='lat' dir='ltr'><strong>et</strong></span> <span class='ocrx_word' id='word_1_230' title='bbox 978 3327 1106 3392; x_wconf 83' lang='lat' dir='ltr'><strong>consui-</strong></span> 
     </span>
     <span class='ocr_line' id='line_1_30' title="bbox 95 3428 1105 3514; baseline 0.001 -22"><span class='ocrx_word' id='word_1_231' title='bbox 95 3431 194 3495; x_wconf 88' lang='lat' dir='ltr'><strong>tando</strong></span> <span class='ocrx_word' id='word_1_232' title='bbox 214 3429 410 3512; x_wconf 79' lang='lat' dir='ltr'><strong>explicatam,</strong></span> <span class='ocrx_word' id='word_1_233' title='bbox 434 3428 479 3494; x_wconf 86' lang='lat' dir='ltr'><strong>illi</strong></span> <span class='ocrx_word' id='word_1_234' title='bbox 501 3451 581 3496; x_wconf 86' lang='lat' dir='ltr'><strong>vero</strong></span> <span class='ocrx_word' id='word_1_235' title='bbox 602 3429 679 3494; x_wconf 89' lang='lat' dir='ltr'><strong>illud</strong></span> <span class='ocrx_word' id='word_1_236' title='bbox 693 3431 796 3513; x_wconf 90' lang='lat' dir='ltr'><strong>ipsum</strong></span> <span class='ocrx_word' id='word_1_237' title='bbox 810 3429 977 3514; x_wconf 90' lang='lat' dir='ltr'><strong>ponuntin</strong></span> <span class='ocrx_word' id='word_1_238' title='bbox 994 3451 1030 3493; x_wconf 89' lang='lat' dir='ltr'><strong>ea</strong></span> <span class='ocrx_word' id='word_1_239' title='bbox 1049 3451 1105 3514; x_wconf 90' lang='lat' dir='ltr'><strong>ap·</strong></span> 
     </span>
     <span class='ocr_line' id='line_1_31' title="bbox 94 3531 1107 3616; baseline 0 -18"><span class='ocrx_word' id='word_1_240' title='bbox 94 3533 212 3616; x_wconf 80' lang='lat' dir='ltr'><strong>petitus</strong></span> <span class='ocrx_word' id='word_1_241' title='bbox 243 3531 394 3598; x_wconf 89' lang='lat' dir='ltr'><strong>motioue&#39;</strong></span> <span class='ocrx_word' id='word_1_242' title='bbox 411 3544 504 3616; x_wconf 85' lang='lat' dir='ltr'><strong>atque</strong></span> <span class='ocrx_word' id='word_1_243' title='bbox 530 3533 782 3616; x_wconf 85' lang='lat' dir='ltr'><strong>approbatione,</strong></span> <span class='ocrx_word' id='word_1_244' title='bbox 817 3551 898 3616; x_wconf 80' lang='lat' dir='ltr'><strong>quae</strong></span> <span class='ocrx_word' id='word_1_245' title='bbox 925 3533 1017 3598; x_wconf 88' lang='lat' dir='ltr'><strong>otiam</strong></span> <span class='ocrx_word' id='word_1_246' title='bbox 1040 3533 1107 3598; x_wconf 89' lang='lat' dir='ltr'><strong>sine</strong></span> 
     </span>
     <span class='ocr_line' id='line_1_32' title="bbox 94 3635 1106 3720; baseline 0.004 -20"><span class='ocrx_word' id='word_1_247' title='bbox 94 3637 219 3702; x_wconf 88' lang='lat' dir='ltr'><strong>ratione</strong></span> <span class='ocrx_word' id='word_1_248' title='bbox 240 3635 297 3713; x_wconf 84' lang='lat' dir='ltr'><strong>iit,</strong></span> <span class='ocrx_word' id='word_1_249' title='bbox 328 3657 368 3700; x_wconf 92' lang='lat' dir='ltr'><strong>eo</strong></span> <span class='ocrx_word' id='word_1_250' title='bbox 390 3635 462 3720; x_wconf 87' lang='lat' dir='ltr'><strong>ipso</strong></span> <span class='ocrx_word' id='word_1_251' title='bbox 481 3637 648 3702; x_wconf 86' lang='lat' dir='ltr'><strong>ostendunt</strong></span> <span class='ocrx_word' id='word_1_252' title='bbox 664 3657 698 3700; x_wconf 88' lang='lat' dir='ltr'><strong>se</strong></span> <span class='ocrx_word' id='word_1_253' title='bbox 719 3635 830 3717; x_wconf 87' lang='lat' dir='ltr'><strong>supine</strong></span> <span class='ocrx_word' id='word_1_254' title='bbox 852 3637 1019 3704; x_wconf 77' lang='lat' dir='ltr'><strong>admodum</strong></span> <span class='ocrx_word' id='word_1_255' title='bbox 1041 3639 1106 3704; x_wconf 85' lang='lat' dir='ltr'><strong>‹iis-</strong></span> 
     </span>
     <span class='ocr_line' id='line_1_33' title="bbox 96 3739 1108 3834; baseline 0.003 -30"><span class='ocrx_word' id='word_1_256' title='bbox 96 3761 207 3805; x_wconf 80' lang='lat' dir='ltr'><strong>serere</strong></span> <span class='ocrx_word' id='word_1_257' title='bbox 232 3741 273 3803; x_wconf 84' lang='lat' dir='ltr'><strong>de</strong></span> <span class='ocrx_word' id='word_1_258' title='bbox 299 3759 340 3803; x_wconf 95' lang='lat' dir='ltr'><strong>eo</strong></span> <span class='ocrx_word' id='word_1_259' title='bbox 363 3741 450 3824; x_wconf 77' lang='lat' dir='ltr'><strong>quand</strong></span> <span class='ocrx_word' id='word_1_260' title='bbox 469 3739 502 3834; x_wconf 78' lang='lat' dir='ltr'><strong>iu</strong></span> <span class='ocrx_word' id='word_1_261' title='bbox 523 3748 634 3803; x_wconf 87' lang='lat' dir='ltr'><strong>nostra</strong></span> <span class='ocrx_word' id='word_1_262' title='bbox 660 3749 707 3801; x_wconf 90' lang='lat' dir='ltr'><strong>est</strong></span> <span class='ocrx_word' id='word_1_263' title='bbox 731 3749 901 3820; x_wconf 87' lang='lat' dir='ltr'><strong>potestate.</strong></span> <span class='ocrx_word' id='word_1_264' title='bbox 945 3741 1027 3804; x_wconf 88' lang='lat' dir='ltr'><strong>Nam</strong></span> <span class='ocrx_word' id='word_1_265' title='bbox 1049 3763 1108 3806; x_wconf 87' lang='lat' dir='ltr'><strong>nee</strong></span> 
     </span>
     <span class='ocr_line' id='line_1_34' title="bbox 97 3841 1106 3927; baseline 0.001 -19"><span class='ocrx_word' id='word_1_266' title='bbox 97 3841 173 3927; x_wconf 79' lang='lat' dir='ltr'><strong>quid</strong></span> <span class='ocrx_word' id='word_1_267' title='bbox 193 3841 298 3918; x_wconf 81' lang='lat' dir='ltr'><strong>idsit,</strong></span> <span class='ocrx_word' id='word_1_268' title='bbox 322 3863 381 3906; x_wconf 90' lang='lat' dir='ltr'><strong>neo</strong></span> <span class='ocrx_word' id='word_1_269' title='bbox 398 3842 430 3906; x_wconf 89' lang='lat' dir='ltr'><strong>in</strong></span> <span class='ocrx_word' id='word_1_270' title='bbox 442 3863 507 3926; x_wconf 86' lang='lat' dir='ltr'><strong>quo</strong></span> <span class='ocrx_word' id='word_1_271' title='bbox 521 3841 667 3918; x_wconf 80' lang='lat' dir='ltr'><strong>exsistat,</strong></span> <span class='ocrx_word' id='word_1_272' title='bbox 693 3841 862 3924; x_wconf 81' lang='lat' dir='ltr'><strong>explicant.</strong></span> <span class='ocrx_word' id='word_1_273' title='bbox 908 3843 1046 3909; x_wconf 85' lang='lat' dir='ltr'><strong>Ratione</strong></span> <span class='ocrx_word' id='word_1_274' title='bbox 1060 3845 1106 3909; x_wconf 89' lang='lat' dir='ltr'><strong>uti</strong></span> 
     </span>
     <span class='ocr_line' id='line_1_35' title="bbox 100 3943 1105 4030; baseline -0.002 -17"><span class='ocrx_word' id='word_1_275' title='bbox 100 3947 176 4013; x_wconf 86' lang='lat' dir='ltr'><strong>nibil</strong></span> <span class='ocrx_word' id='word_1_276' title='bbox 198 3957 249 4013; x_wconf 79' lang='lat' dir='ltr'><strong>est</strong></span> <span class='ocrx_word' id='word_1_277' title='bbox 268 3943 363 4022; x_wconf 82' lang='lat' dir='ltr'><strong>aliud,</strong></span> <span class='ocrx_word' id='word_1_278' title='bbox 389 3965 480 4030; x_wconf 85' lang='lat' dir='ltr'><strong>qnam</strong></span> <span class='ocrx_word' id='word_1_279' title='bbox 498 3943 687 4030; x_wconf 81' lang='lat' dir='ltr'><strong>principium</strong></span> <span class='ocrx_word' id='word_1_280' title='bbox 702 3964 770 4012; x_wconf 82' lang='lat' dir='ltr'><strong>esse</strong></span> <span class='ocrx_word' id='word_1_281' title='bbox 792 3965 918 4011; x_wconf 75' lang='lat' dir='ltr'><strong>stramem</strong></span> <span class='ocrx_word' id='word_1_282' title='bbox 937 3946 1105 4025; x_wconf 83' lang='lat' dir='ltr'><strong>actionum,</strong></span> 
     </span>
    </p>
   </div>
   <div class='ocr_carea' id='block_1_3' title="bbox 0 0 1352 4508">
    <p class='ocr_par' dir='ltr' id='par_1_4' title="bbox 0 0 1352 4508">
     <span class='ocr_line' id='line_1_36' title="bbox 0 0 1352 4508; baseline 0 0"><span class='ocrx_word' id='word_1_283' title='bbox 0 0 1352 4508; x_wconf 95' lang='lat' dir='ltr'><strong> </strong></span> 
     </span>
    </p>
   </div>
  </div>
 </body>
</html>
