2754 4510
268 505 347 588 τοῦς
379 499 583 588 κακοῦσ,·ἢ
611 498 671 571 οῦκ
706 501 740 568 ἒν
772 499 844 594 δίκῃ
874 493 1092 584 κολαζόντων,
1144 497 1212 588 ε’ίγε
1245 493 1289 582 55

270 604 396 702 ἀνάγκη
427 611 459 674 οἱ
483 611 578 673 κακοὶ
600 604 706 694 κακοί.
756 599 864 672 Ἀλλά
891 600 969 683 τοῦς
993 611 1053 693 μέν
1074 599 1290 696 ἀνθρώπους

252 713 402 803 λκυρίους
430 706 472 777 ι’ίν
499 710 623 778 ἑαυτῶν
657 711 741 776 ἒῖναι
773 703 810 774 οῦ
841 706 888 799 τῷ
918 705 964 795 μὴ
996 703 1048 774 ὑπ’
1078 703 1216 786 οὐδενὸς
1244 704 1288 774 ἂν

269 809 469 904 τοπαράπαν
499 810 690 902 ἄρχεσθαι,
725 805 771 898 μή
802 835 837 876 τε
864 813 923 876 τοῦ
951 807 1071 900 ἄλλον,
1106 806 1153 896 μή
1184 807 1217 891 τ’,
1244 807 1288 878 55

269 914 377 985 ἀυτῶν
402 917 466 984 τῶν
494 917 602 996 θεῶν,
634 910 722 986 5555
750 915 796 1008 τῷ
828 913 910 1001 ἔχειν
937 917 997 1002 μέν
1021 939 1054 980 τι
1085 914 1127 1004 ἐνΙ
1146 915 1286 991 ἑαυτοῖς

265 1018 387 1112 ἄρχον,
420 1016 459 1086 τὸ
486 1019 647 1111 φρονοῦν,
675 1014 713 1084 τὸ
743 1019 779 1082 δὲ
800 1014 883 1083 πολὺ
905 1011 1101 1144 εἰργόμενον·
1135 1023 1194 1084 καὶ
1222 1017 1285 1082 τοῦ

238 1155 242 1164 ·
267 1125 392 1193 πολλοῦ
411 1117 530 1190 τούτου
551 1115 603 1202 ε’ν,
634 1117 673 1187 τὸ
688 1121 836 1246 φρονοῦν
853 1144 889 1186 τε
906 1124 961 1185 καὶ
983 1113 1083 1212 φάσει
1102 1121 1285 1206 βέλτιστον

210 1261 213 1266 ·
268 1228 332 1294 τῶν
358 1221 537 1348 ἡμετέρων
547 1219 661 1344 κύριον
682 1219 724 1290 ἂν
748 1225 841 1341 ἐῐναι
886 1217 988 1290 sz5
1009 1224 1044 1289 δὲ
1069 1219 1165 1345 55
1129 1247 1170 1288 το
1193 1247 1282 1316 φρο-

265 1330 345 1398 νοῦν
371 1323 414 1405 ὡς
437 1322 537 1394 οὐκέτ’
568 1322 609 1393 ἂν
632 1319 777 1444 άργοιτο
797 1320 848 1392 ὑπ’
880 1320 1028 1407 οῦδενὸς,
1066 1322 1127 1392 οῦκ
1158 1322 1203 1394 άν
1234 1327 1282 1407 ἕίη

268 1432 376 1497 εἰπεῖν.
409 1424 585 1496 ’Ἔπειτα
569 1453 598 1494 ει
616 1425 663 1517 μὴ
689 1423 839 1506 ὦςαῦτιις
856 1420 980 1497 άπασιν
1001 1423 1219 1520 ἀνθρώποις,
1241 1427 1281 1496 τὸ
1361 1469 1362 1510 ,

267 1532 414 1626 φρονοῦν
438 1531 552 1612 τοῦτο,
589 1526 653 1597 ῦπό
678 1531 742 1623 τῶν
765 1527 873 1600 σἰυτιῦν
897 1527 1101 1623 πραγμάτων
1120 1533 1281 1628 φαίνεται

268 1637 525 1757 διατιθέμενον,
574 1629 634 1701 οῦκ
666 1629 706 1702 55
743 1630 859 1727 ὀρθῶς
888 1659 938 1714 τις
973 1632 1107 1718 οἰηθείη
1138 1630 1283 1724 μηδέξ

269 1733 416 1826 ἀνάγκης
435 1734 477 1805 ἂν
498 1739 643 1806 ἕπεσθαι
662 1741 737 1822 τοῖς
756 1733 939 1829 πράγμασι.
984 1739 1092 1859 Δῆλον
1113 1734 1181 1832 γάρ
1208 1741 1279 1807 ἐστι

268 1843 368 1910 τοῦτο
396 1843 579 1962 συμβαῖνον
605 1836 699 1931 παρά
722 1866 756 1908 τε
791 1839 850 1962 την
871 1837 1003 1910 ιδίαν
983 1843 1088 1914 αυτοῦ
1108 1845 1171 1910 τοῦ
1193 1867 1279 1936 φρο-

267 1948 404 2024 νοῦντος
418 1941 572 2014 ἑκάστοτε
593 1941 711 2037 φύσιν,
732 1941 826 2036 παρά
844 1969 877 2010 τε
892 1943 951 2027 τὴν
966 1942 1114 2026 άσκησιν.
1163 1943 1277 2013 Ταυτό

268 2045 333 2140 γάρ
360 2043 498 2128 ὀ,τιοῦν,
527 2048 710 2114 πλείοσιὲ
670 2055 710 2135 μ
713 2073 750 2126 ν
779 2051 977 2140 διαφέρουσι
998 2051 1051 2116 δέ
1054 2075 1099 2131 πη
1115 2043 1275 2130 άλλὴλων,

269 2152 490 2241 προςπίπτον,
537 2141 613 2226 ίίςτε
645 2145 786 2234 δράσον,
833 2147 1038 2244 διαφέροντά
1066 2176 1119 2220 τοι
1148 2158 1206 2219 καὶ
1233 2149 1276 2219 τά

268 2247 462 2339 παθήματα
483 2247 549 2332 ἐξ
529 2247 673 2338 ανάγκης
695 2248 932 2346 ἀπεργάσεται·
961 2257 1130 2347 διαφέρειν
1148 2252 1214 2348 γάρ
1236 2251 1277 2323 55

267 2353 308 2423 τῦ
329 2360 472 2448 φρονεῖν,
495 2356 594 2425 τοῦτο
625 2351 794 2438 ἑκάστοις,
830 2363 885 2424 καὶ
913 2353 973 2439 τὴν
1002 2354 1104 2450 φύσιν
1133 2365 1189 2425 καὶ
1215 2356 1275 2440 τὴν

178 2487 179 2494 “
270 2455 411 2540 ἄσκησιν
418 2511 428 2541 ,
457 2461 590 2541 καὶτῆς
610 2467 670 2548 μὲν
694 2455 823 2552 φάσεως
843 2457 921 2539 τοὺς
936 2457 1043 2540 θεοὺς
1062 2461 1123 2548 μέν
1142 2461 1275 2552 κυρίους

269 2563 369 2643 ε’ἴναι,
408 2563 467 2644 τῆς
495 2565 531 2630 δὲ
559 2558 726 2645 ἀσκήσεως
753 2559 812 2644 τὴν
842 2565 902 2630 τοῦ
933 2558 1098 2646 άσκητέυς
1132 2558 1161 2646 6)
1189 2565 1273 2631 ἐῑναι

268 2659 389 2748 δόξαν,
424 2668 588 2758 προτέραν
613 2692 659 2762 τῳ
689 2669 916 2755 ἐγγενομένην,
941 2661 997 2747 ’ἣν
1034 2662 1075 2733 55
1107 2661 1273 2756 ἀμήχανα

269 2763 311 2834 55
335 2766 364 2848 ί)
386 2770 470 2836 ε’ῖναι
490 2770 688 2860 ἐγγενέσθαι
699 2765 850 2895 ὁτῳοῦν,
876 2767 922 2858 μὴ
945 2770 985 2836 οῦ
1002 2770 1091 2837 θεοῦ
1103 2765 1272 2861 παραστή-

270 2892 399 2947 σαντες.
442 2873 673 2991 Κυρίουςμὲν
691 2868 750 2940 ὀῦν
766 2869 807 2940 ἂν
829 2874 953 2940 ἑαυτῶν
975 2871 1053 2952 τοὺς
1072 2867 1272 2964 ἀνθρώπους
1313 2935 1316 2942 ι

270 3068 445 3166 ἰίρχοισιν,
445 3059 668 3166 ἐλευθέρους
700 3078 780 3144 δέ
765 3079 861 3144 ειναί
873 3104 906 3146 τε
934 3105 1016 3199 πφς
1026 3046 1081 3146 ιίαι
1107 3076 1153 3168 μὴ
1182 3082 1270 3149 έῖνειι.

249 3173 315 3298 ’Ἕγ
343 3183 404 3266 μέν
429 3175 494 3299 γὰρ
528 3180 722 3271 ελευθερίαν
753 3205 802 3257 τις
833 3176 892 3262 τὴν
916 3179 969 3270 μη
997 3177 1142 3268 ἀνάγκην
1165 3186 1294 3264 καλει,.

270 3277 330 3348 οῦκ
358 3277 400 3350 55
425 3277 541 3373 ὀρθῶς
562 3281 718 3374 φαίνοιτο
744 3285 873 3364 καλῶν,
905 3279 1123 3372 ἀναγκάζοιτο
1147 3281 1212 3377 γάρ
1232 3282 1271 3354 ῦν

269 3385 420 3454 δουλείαν
451 3380 510 3466 τὴν
541 3378 686 3470 ἀνάγκην
718 3388 837 3456 καλεῖν.
905 3389 953 3482 T5
985 3391 1021 3454 δὲ
1052 3388 1186 3480 δουλεία
1217 3394 1271 3456 και

204 3532 208 3550 .
269 3487 458 3554 δεσποτείαν
483 3481 628 3569 δήπου’
613 3489 695 3555 εἷναί
713 3511 787 3556 τινα
809 3479 915 3572 δεῖ,
893 3517 915 3585 η
937 3486 1119 3571 δουλεύσει,
1141 3455 1269 3560 δῦνλεία

261 3584 369 3656 ’ὀῦσα
405 3591 458 3686 τῦ
466 3585 525 3662 Ιὀῦν
549 3583 802 3686 πρεσβυτάτη’
783 3587 925 3714 ανάγκη,
957 3600 1013 3660 καὶ
1038 3588 1060 3676 5
1075 3589 1166 3716 μόνη
1185 3590 1267 3680 άυιη

268 3687 308 3760 δι
346 3686 449 3774 άντην
480 3679 665 3780 άναγκαίως
700 3693 783 3786 ἔχει,
818 3692 862 3766 τά
892 3691 922 3768 δ
955 3692 1084 3764 ἄλλα
1070 3689 1202 3764 άπαντα
1228 3696 1265 3766 δι

270 3795 406 3917 ἐκείνην,
428 3789 468 3881 ἢν
485 3791 643 3882 τάγαθόν
663 3823 697 3866 τε
719 3794 802 3868 άντὸ
821 3805 877 3867 καὶ
898 3797 956 3869 τὸν
985 3801 1052 3870 Δία.
1075 3827 1151 3892 φαμ
1152 3807 1200 3880 ἐν,
1222 3802 1266 3879 τίς

268 3923 346 3973 ποτε
373 3899 465 3972 ἔσται
486 3891 716 3986 δεσποτεία,
695 3929 716 4002 η
739 3897 778 3975 οῦ
800 3900 989 3990 δουλεύσει,
1016 3901 1054 3972 05
1076 3899 1141 3998 γάρ
1163 3901 1263 3995 πονὴ
