2748 4514
1081 277 1172 400 “trs

122 486 257 570 aliquid,
293 486 319 550 ii
336 507 402 550 uon
427 487 611 567 praedicunt
633 490 670 550 de
692 489 806 556 inituris
828 491 991 569 omnibus,
1016 505 1052 556 ut
1074 515 1130 556 ne-
1164 488 1169 494 ⁴
1262 507 1264 512 '

115 589 266 670 ,cessario
289 588 422 651 futuris.
468 591 550 652 'l'um
569 611 649 654 vero
676 590 703 654 si
726 592 829 657 omnia
847 595 950 664 dicant
967 595 1040 660 Diis
1064 617 1133 658 esse

123 692 196 756 talia
218 703 254 753 nt
281 691 358 754 fieri
381 692 520 772 possint,
558 691 619 758 iam
645 706 676 755 et
701 716 780 776 quiae
804 697 874 762 lieri
896 721 961 770 uon
979 712 1131 781 possunt,

125 797 207 876 apud
235 795 331 857 Deos
357 805 447 856 erunt
470 794 544 856 talia
570 817 650 878 quae
676 796 747 861 fieri
767 814 918 879 possunt,
943 824 980 868 ac
999 813 1134 885 propte·-

125 919 179 960 rea
206 918 272 960 non
305 907 460 980 poterunt
487 900 626 978 probare
654 921 713 980 per
744 904 1002 981 praenotionem,
1041 927 1134 988 quant

123 999 177 1064 Dii
196 1001 320 1062 habeut
349 1001 387 1061 de
413 1001 506 1062 relius
528 999 663 1076 latinis,
695 1004 799 1066 omnia
821 1027 901 1088 quae
921 1008 1002 1070 fiunt
1025 1029 1134 1074 neces-

122 1103 207 1166 sario
225 1103 313 1164 fieri.
360 1099 395 1163 Si
412 1123 491 1165 vero
514 1114 626 1168 contra
650 1106 964 1196 concesserintqua'e
985 1110 1056 1173 fieri
1077 1129 1134 1174 ne·

121 1216 269 1288 queunt,
295 1203 390 1266 etiam
411 1205 493 1285 apud
508 1205 597 1269 Deos
623 1225 691 1268 esse
712 1209 808 1288 talia,
832 1212 892 1275 iam
909 1213 1133 1295 primum'illos
1193 1231 1196 1244 t

121 1309 298 1371 ostendere
324 1317 455 1386 oportet
484 1306 568 1369 illam
597 1308 690 1374 talem
714 1316 956 1391 praenotionem
981 1339 1049 1380 esse
1076 1338 1141 1381 eo-·

120 1431 195 1472 rum
218 1429 300 1491 quae
322 1408 394 1472 fieri
421 1422 577 1491 possunt,
616 1412 727 1476 deinde
749 1437 818 1480 eam
843 1419 913 1492 Diis
937 1422 1130 1500 adscribere.

119 1514 236 1596 Neque
263 1511 347 1574 euim
371 1511 496 1576 evidens
531 1525 596 1589 est,
631 1535 733 1600 neque
762 1542 803 1583 ex
823 1521 860 1586 iis
890 1545 970 1606 quae
988 1525 1071 1591 'firmt
1099 1527 1131 1590 iu

119 1616 274 1678 confesso
293 1613 452 1695 position,
482 1615 579 1678 talem
599 1621 838 1706 praenotionem
859 1626 1041 1692 futurorum
1062 1650 1131 1697 esse

121 1721 206 1800 apud
227 1717 336 1780 Deos.
392 1716 436 1778 At
457 1738 644 1800 nosneque
667 1721 888 1792 divinationem
916 1723 1022 1812 neque
1041 1732 1131 1796 Deo.

120 1843 189 1882 rum
212 1817 458 1902 praenotionem
485 1819 641 1896 tollimus,
680 1829 737 1887 sed
760 1843 858 1908 prout
881 1853 934 1896 res
960 1845 1072 1904 natura
1097 1859 1131 1902 se

118 1924 264 1998 habent,
289 1921 335 1984 ita
357 1941 411 1984 eos
432 1921 689 2007 praesignificare
712 1927 854 1998 dicimus.

561 2111 697 2182 XXXI.

186 2233 304 2313 Neque
326 2231 421 2294 etiam
453 2231 621 2296 auferimus
650 2236 826 2304 hominihas
852 2243 1015 2310 utilitatem
1037 2269 1131 2331 quam

123 2355 168 2396 ex
201 2332 393 2396 divinatione
420 2355 533 2414 capere
562 2350 711 2414 possunt,
762 2343 835 2425 quia
863 2347 933 2410 fieri
960 2362 1068 2431 potest
1096 2345 1132 2414 nt

121 2434 193 2518 quis
216 2435 337 2518 aliquid
359 2449 484 2512 caveat,
510 2440 596 2520 quod
617 2439 735 2524 alioqui
758 2447 916 2512 cariturus
932 2473 996 2515 non
1010 2453 1128 2528 fuerat,

122 2539 182 2602 n'ni
196 2538 271 2603 Deo
294 2551 455 2602 monente.
498 2540 544 2604 At
565 2540 612 2602 illi
633 2542 687 2624 qui
708 2544 772 2608 vim
794 2548 1011 2618 divinatricem
1033 2555 1129 2620 attol-

120 2642 208 2716 lnu't,
247 2653 280 2704 et
302 2662 370 2704 eam
392 2641 519 2706 defendi
545 2656 673 2726 negant,
693 2667 808 2725 posse,
847 2651 908 2714 uisi
938 2675 974 2718 ea
1004 2657 1127 2724 ratione

120 2765 217 2826 quam
238 2742 299 2828 ipsi
320 2757 494 2826 sequuntur
517 2758 547 2809 et
567 2746 632 2810 hoe
659 2759 790 2812 utuntur
818 2768 1024 2838 argumento,
1063 2782 1129 2843 quo

120 2845 226 2912 omnia
247 2847 388 2928 probent
403 2848 497 2930 Fato¹
510 2846 596 2930 geri,
619 2861 841 2934 praeterquam
863 2861 950 2939 quod
965 2861 1034 2926 veri
1053 2864 1130 2929 nihil

121 2946 247 3024 dierunt,
287 2949 384 3016 multa
406 2951 444 3012 de
467 2947 537 3011 Diis
567 2949 674 3015 dicunt
702 2954 820 3020 absona
852 2969 883 3022 et
905 2960 974 3037 Diis
1004 2965 1129 3032 minime

121 3051 356 3122 convenientia.
402 3052 576 3132 Quomodo
598 3051 679 3117 enim
701 3077 765 3118 non
789 3058 849 3122 sint
873 3064 1008 3141 absona,
1044 3055 1128 3150 quae

121 3151 164 3216 illi
192 3156 231 3217 de
260 3153 332 3216 Diis
362 3152 490 3222 dicunt?
539 3153 621 3218 Cum
650 3157 730 3220 enim
760 3160 855 3244 aliqui
888 3169 1038 3230 adversus
1072 3191 1128 3236 eos

122 3255 300 3338 disputant,
339 3277 396 3340 cur
426 3255 453 3318 si
481 3269 594 3319 cuncta
622 3260 660 3322 de
688 3265 874 3328 necessitate
895 3267 991 3345 fiunt,
1031 3293 1128 3354 quae·

122 3359 192 3424 dam
213 3359 346 3422 oracula
369 3361 482 3420 dentur
502 3358 534 3425 iu
556 3361 679 3428 consilii
707 3367 852 3442 modum,
892 3370 980 3450 quasi
1009 3373 1063 3455 qui
1092 3396 1129 3442 ea

122 3461 270 3536 audiunt,
318 3459 443 3542 possint
476 3462 518 3528 ob
547 3461 580 3527 id
612 3466 700 3545 quod
731 3467 894 3534 audierunt
915 3471 1043 3556 'aliquid
1075 3493 1129 3543 aut

122 3584 234 3630 cavere
258 3575 313 3626 aut
333 3563 459 3636 lacere,
495 3575 526 3630 et
547 3565 671 3628 adhoc
693 3566 837 3631 adferunt
860 3574 1022 3646 oraculum
1044 3581 1129 3646 Laio

62 3703 65 3710 ι
122 3667 224 3730 datum
247 3687 309 3751 per
325 3666 413 3752 quod
427 3663 550 3747 Apollo
566 3666 700 3744 Pythius
724 3690 794 3732 etun
818 3687 924 3738 monet
946 3701 984 3744 ue
1006 3682 1127 3758 liberos

123 3781 225 3833 serat:

817 3831 838 3946 ι’
