2790 4512
1093 281 1163 380 rer
1189 293 1192 301 '

145 485 228 548 uirnn
253 506 365 550 rerum
397 487 533 551 felicium
563 500 615 550 ant
644 488 703 552 sibi
733 501 786 552 aut
811 490 883 554 Deo
908 507 1038 566 ¹eausam
1064 489 1152 564 attri-

142 590 260 664 buunt;
283 589 317 652 in
339 591 480 653 adversis
505 611 584 654 vero
608 591 721 654 Fatum
741 593 907 656 inclamant
927 606 958 656 et
981 591 1146 656 criminari·
1179 667 1181 670 Ι

143 703 207 754 tur.
252 693 337 754 Sunt
357 703 522 774 praeterea
537 693 673 776 'quidam
698 695 977 780 praestigiatores,
1003 696 1057 778 qui
1080 716 1150 756 cum

143 794 351 860 multitudinis
373 796 616 861 imbecillitatem
638 800 676 860 de
695 799 777 862 Fato
797 799 1087 874 animadverterint,
1120 809 1151 859 et

142 898 291 962 indicium
314 919 427 962 eorum
446 921 524 982 quae
543 901 625 965 Fato
644 901 739 976 fiunt,
763 901 943 964 facilitatem
958 903 1031 964 item
1052 900 1149 982 ipsius

138 1001 241 1082 plebis
272 1024 315 1064 ex
348 1023 456 1065 amore
485 1003 533 1066 sui
558 1017 769 1080 contractam,
804 1017 835 1067 et
857 1026 937 1088 quae
962 1003 1075 1066 nullius
1101 1002 1149 1064 rei

143 1105 295 1170 honestae
314 1105 376 1168 sibi
401 1107 527 1169 conscia
547 1105 605 1184 sit,
639 1119 674 1170 ut
695 1111 905 1190 comprobent
931 1107 1069 1172 omnium
1099 1127 1149 1168 er-

141 1219 284 1271 ratorum
310 1209 426 1270 Fatum
451 1209 637 1292 culpandum
663 1233 749 1289 esse,
785 1233 877 1277 omne
899 1213 988 1294 quod
1012 1210 1048 1272 fit
1066 1211 1147 1274 Fato

141 1310 215 1373 fieri
233 1311 454 1392 pronuntiant.
507 1313 620 1376 Artem
645 1335 773 1398 qnoque
802 1314 954 1378 eiusmodi
979 1313 1147 1388 simulant,

143 1435 206 1496 qua
230 1409 421 1496 profitentur
449 1415 554 1479 omnia
575 1439 653 1499 quae
679 1439 809 1502 quoquo
832 1420 928 1483 modo
957 1418 1064 1480 lutura
1088 1415 1165 1488 sint¹

142 1517 296 1599 praesciri
314 1529 408 1600 atque
432 1519 571 1600 praedici
587 1541 700 1602 posse,
732 1505 827 1603 quinia
850 1521 926 1582 nihil
949 1541 1059 1583 eorum
1082 1518 1147 1580 sine

141 1620 327 1684 necessitate
353 1623 490 1704 quadam
511 1622 566 1684 fiat
590 1625 677 1706 quod
698 1624 811 1686 Fatum
837 1634 965 1686 vocant.
1024 1611 1067 1684 Et
1093 1623 1148 1682 ad·
1172 1622 1175 1628 ’

141 1723 228 1786 scitis
266 1723 362 1788 sociis
398 1735 431 1789 et
473 1725 684 1801 adiutoribus,
737 1725 791 1809 qni
814 1725 907 1788 ctiam
922 1725 1032 1806 ¹ipsius
1068 1724 1144 1786 artis

140 1838 289 1890 auctores
320 1838 408 1904 sunt,
424 1907 426 1910 Ι
443 1831 595 1893 seducunt
626 1850 663 1890 ae
690 1829 847 1910 decipiunt
880 1828 1021 1892 homines
1052 1849 1143 1909 quam

139 1927 317 2012 plurimos,
340 1929 371 1992 in
393 1930 631 1994 circumstantiis
654 1943 685 1994 et
707 1931 931 1994 calamitatibus
956 1931 1044 2012 ipsos
1069 1932 1146 1992 ado·

137 2033 278 2109 cientes,
318 2033 372 2114 qni
406 2037 637 2115 propemodum
672 2047 862 2116 precantur,
911 2045 947 2096 ut
977 2033 1010 2096 id
1037 2033 1081 2096 ita
1114 2052 1148 2094 se

141 2137 258 2198 habere
287 2149 451 2218 appareat.
495 2136 591 2218 Quod
620 2138 843 2200 consuetudine
877 2139 1009 2220 quadam
1032 2149 1064 2198 et
1088 2157 1145 2197 usu

140 2238 228 2302 circa
260 2260 311 2302 res
346 2239 525 2314 eiusmodi,
562 2251 594 2302 et
618 2242 788 2304 collatione
817 2240 1144 2322 contemplationeque

141 2331 374 2404 consecutionis
393 2341 426 2404 in
440 2342 554 2406 talibus
576 2343 813 2406 rebusfaeiunt.
832 2405 835 2412 ,
857 2344 1050 2408 Praedicunt
1064 2341 1145 2404 enim

140 2445 295 2527 quaedam
316 2446 482 2508 commode
508 2457 539 2508 et
567 2443 730 2531 ingeniose
757 2467 885 2522 eorum,
924 2468 1004 2530 qnae
1034 2466 1165 2530 conse-¹

139 2559 272 2630 quenter
292 2547 330 2610 iis
349 2547 405 2631 qui
421 2547 465 2610 ita
481 2550 618 2624 habent,
642 2549 749 2612 sutura
768 2560 856 2624 stmt‚
880 2548 974 2630 idque
995 2560 1143 2631 tanquam

142 2671 185 2712 ex
205 2662 272 2714 arte
302 2651 387 2714 circa
411 2652 527 2714 Fatum
547 2652 590 2714 ita
611 2675 679 2716 esse
699 2652 915 2734 pronuntiant.
960 2653 1004 2714 Et
1027 2672 1146 2712 merce·

142 2755 199 2816 des
224 2775 288 2817 non
314 2775 432 2836 paucas
457 2776 518 2842 pro
543 2755 598 2818 tali
619 2777 771 2838 perversa
804 2768 870 2818 arte
902 2753 1074 2837 eolligunt:
1109 2754 1148 2816 li·

138 2856 252 2919 beuter
272 2857 354 2920 enim
372 2859 457 2933 dant,
482 2857 536 2940 qni
553 2859 767 2939 experiuntur,
787 2861 933 2941 tanquam
949 2856 1144 2923 adiutoribus

140 2978 179 3020 ac
207 2959 429 3023 defensoribus
465 2961 672 3043 propriorum
702 2981 860 3024 errorum.
928 2961 1050 3041 Quibus
1084 2960 1147 3022 suis

140 3061 232 3146 nugis
256 3064 372 3126 bonam
390 3064 553 3129 hominmn
574 3076 696 3148 partem
717 3068 918 3145 deceperunt,
945 3065 999 3147 qui
1012 3075 1147 3145 propter

140 3164 320 3228 socordiam
359 3187 513 3248 quaerere
555 3166 824 3250 praetermittunt,
878 3189 1015 3250 quonam
1053 3167 1149 3228 modo

139 3267 220 3328 baec
236 3267 387 3344 babeant,
420 3281 450 3332 et
475 3269 545 3353 quis
565 3275 645 3335 ordo
667 3272 739 3334 Fati
753 3271 786 3336 in
808 3272 952 3346 entibus,
989 3280 1023 3330 ut
1042 3267 1146 3331 omnia

140 3371 312 3432 seeundum
327 3373 440 3434 Fatum
458 3373 527 3436 fieri
549 3375 702 3436 dieantur.
748 3377 871 3437 Verum
898 3393 993 3456 quum
1018 3393 1082 3434 non
1102 3368 1150 3433 illi

141 3473 265 3556 quidem
279 3519 288 3550 ,
300 3476 365 3558 qui
384 3499 584 3558 summopere
603 3479 716 3542 Fatum
732 3478 899 3552 invocant,
923 3475 955 3538 in
970 3473 1146 3538 actionibus

141 3576 221 3639 ritae
252 3579 355 3640 omnia
383 3579 444 3662 ipsi
473 3581 555 3644 Fato
588 3585 718 3644 eredere
756 3579 901 3643 videntur
944 3577 1037 3658 (satis
1064 3576 1146 3640 enim

142 3681 275 3744 ostendit
297 3681 417 3746 veritas
441 3701 495 3744 eos
519 3683 670 3765 quisalsa
691 3686 843 3759 credunt,
868 3681 928 3746 sibi
949 3681 1144 3764 repugnare)

142 3803 202 3844 nos
225 3783 324 3868 igitur
352 3784 446 3846 altius
466 3788 560 3850 ducto
582 3789 716 3852 exordio
739 3787 844 3850 videre
865 3808 924 3869 par
942 3797 1010 3858 est,
1053 3803 1148 3866 quae·
1178 3849 1184 3862 ,

140 3906 208 3948 narn
232 3888 272 3952 sit
296 3898 410 3953 natura
436 3889 523 3966 Fati,
563 3901 594 3952 et
620 3891 651 3954 in
680 3891 792 3975 quibus
826 3902 857 3954 et
872 3910 976 3973 ‚qnam
1007 3886 1059 3950 diu
1084 3885 1147 3946 vim
