2754 4510
1041 291 1044 302 '
1076 308 1135 372 ns

134 497 264 550 omnes,
296 473 330 538 in
351 493 428 557 quas
452 472 566 536 medias
588 471 689 548 anima
711 475 858 553 devenit,
883 488 1066 553 versunum,
1090 478 1134 542 ita

134 593 167 644 ut
188 579 291 644 anima
312 577 465 662 quaedam
487 589 560 662 agat
581 589 717 660 propter
745 577 816 653 illa,
853 580 1003 644 nonnulla
1035 600 1132 657 vero,

135 703 272 767 qnorum
293 681 362 764 ipsa
385 691 431 743 est
453 691 586 762 potens,
617 693 691 765 agat
711 701 773 764 pro
795 702 854 746 suo
877 682 1023 747 arbitrio.
1067 683 1135 748 Po·

133 797 204 850 teus
228 805 308 849 vero
330 794 379 847 est
400 803 506 846 rernm
527 783 664 866 plurium
685 805 722 850 ea
743 805 823 869 quae
845 787 930 849 bona
955 797 1020 859 est;
1056 806 1136 869 pau·

136 887 361 974 ciorrnnquae
383 885 529 970 improba
551 897 610 950 est.
666 889 756 969 Quae
785 887 866 952 enim
889 888 1035 970 corporis
1058 900 1137 952 tem·

136 1002 305 1074 peraturae
327 987 425 1066 cedit,
457 1010 556 1074 eaque
578 1001 611 1053 et
631 991 857 1073 concupiscere
879 1002 911 1056 et
932 990 1027 1056 irasci
1047 991 1138 1078 cogi-

136 1107 208 1172 tur,
231 1105 342 1177 estque
365 1105 418 1156 aut
439 1104 624 1176 paupertate
646 1093 787 1172 abiecta,
812 1105 865 1158 ant
887 1092 1002 1158 divitiis
1024 1115 1137 1177 super-

139 1201 203 1275 ba,
228 1205 283 1261 aut
304 1195 424 1260 viribus
446 1195 627 1279 imperiosa.
651 1197 696 1260 At
717 1196 765 1260 his
789 1197 933 1261 omnibus
955 1196 1089 1280 opponit
1106 1219 1141 1260 se

138 1319 223 1384 qnae
244 1299 372 1384 ingenio
387 1299 550 1376 cathena,
575 1311 735 1384 mutatque
757 1300 858 1386 magis
881 1300 934 1366 illa
957 1323 1050 1384 quam
1071 1299 1141 1385 ipsa

142 1411 297 1478 mutatur,
327 1401 370 1466 ita
391 1412 427 1464 ut
455 1404 608 1484 quaedam
630 1402 789 1490 corrigat,
820 1406 971 1488 quaedam
993 1403 1073 1468 sinat
1095 1403 1143 1468 ire

143 1508 212 1590 ipsa
234 1503 303 1569 vitii
323 1525 451 1586 expers.

615 1611 679 1675 lx.

208 1712 397 1779 Necessaria
424 1725 496 1778 sunt
522 1711 621 1798 igitur
652 1713 705 1778 illa
736 1735 817 1800 qnae
846 1728 1016 1782 nascuntur
1038 1737 1078 1780 ex
1100 1715 1148 1781 di·

148 1820 236 1884 lectu
255 1827 289 1880 et
308 1815 449 1882 fortuna
494 1814 580 1898 Quid
601 1816 683 1882 enim
704 1818 767 1883 sint
788 1817 894 1883 aliud?
917 1818 1071 1885 Omnibus
1094 1839 1149 1883 au-

146 1935 213 1987 tem
236 1919 338 1986 causis
359 1919 450 1986 simul
478 1918 622 1986 assumtis
650 1920 730 1985 bunt
752 1921 857 1986 omnia
876 1920 1097 1986 inevitabiliter
1118 1921 1151 1987 in

147 2027 246 2090 rebus
269 2022 427 2101 externis,
466 2036 497 2088 et
524 2023 559 2088 in
578 2022 616 2087 iis
639 2022 783 2088 omnibus
806 2023 885 2109 quae
909 2024 1152 2089 circumactione

150 2126 277 2192 caelesti
298 2125 486 2212 cfficiuntpr.
530 2126 597 2192 Ubi
617 2126 715 2212 igitur
730 2128 832 2192 anima
849 2121 894 2192 ab
905 2127 1043 2195 externis
1058 2130 1153 2192 robus

150 2241 269 2296 mutata
301 2228 418 2316 aliquid
446 2231 560 2307 efficit,
599 2243 652 2296 ant
675 2251 746 2294 cum
774 2243 863 2298 motu
891 2233 1026 2316 appetit,
1066 2230 1155 2318 quasi

154 2354 252 2399 caeco
273 2345 363 2397 utens
384 2332 521 2418 impetn,
546 2356 610 2398 non
631 2334 684 2398 illa
705 2335 788 2401 actio
812 2346 864 2399 aut
887 2335 979 2400 animi
1002 2334 1175 2399 constitu,

154 2437 202 2503 tio
223 2449 339 2522 sponte
359 2448 507 2521 suscepta
528 2436 657 2503 dicenda
680 2450 749 2516 est,
780 2459 838 2502 neo
860 2460 931 2501 oum
953 2438 1021 2521 ipsa
1042 2458 1101 2521 per
1121 2458 1157 2500 sc

155 2539 264 2625 peior'
280 2539 395 2606 effecta
421 2561 486 2606 non
514 2539 608 2605 rectis
630 2541 665 2606 in
684 2552 850 2625 posterum
870 2561 974 2625 neque
994 2543 1076 2606 bene
1098 2561 1157 2625 gu·

155 2642 296 2708 bematis
320 2642 421 2708 utitur
437 2644 633 2728 appetituum
654 2643 858 2710 motionibus.
904 2644 951 2708 At
971 2643 1027 2708 ubi
1048 2665 1085 2708 ea
1107 2664 1158 2707 ra·

156 2745 275 2810 tionem
297 2745 412 2829 accipit
430 2741 481 2810 ¹sui
502 2747 754 2832 gubernatricem
783 2768 895 2830 purant
924 2758 1017 2832 atque
1044 2746 1162 2830 imper-

157 2852 334 2928 turbatam,
373 2861 405 2914 et
433 2870 470 2914 ea
498 2851 577 2914 duce
608 2850 749 2934 appetit,
789 2871 825 2914 ea
853 2852 976 2914 domum
1006 2850 1163 2936 appetitus

159 2953 260 3018 motio
292 2951 353 3016 dici
382 2954 476 3028 debet
508 2974 577 3017 esse
609 2954 641 3018 in
673 2965 783 3019 nostra
812 2960 970 3037 potestate
997 2966 1029 3019 et
1049 2964 1163 3036 sponte

160 3067 326 3140 suscepta,
350 3066 383 3119 et
402 3057 467 3120 hoc
488 3076 556 3120 esse
577 3068 722 3122 noenum
746 3078 828 3140 opus
851 3060 939 3141 quod
961 3078 1025 3123 non
1044 3055 1166 3122 aliunde

160 3157 265 3236 venit,
299 3160 356 3222 sed
384 3159 424 3224 ab
444 3157 556 3224 intimo
579 3159 699 3224 annuae
720 3181 822 3243 purae
843 3181 862 3224 a
883 3159 1040 3244 principio
1061 3157 1166 3240 primo

161 3260 359 3344 praesidente
392 3283 431 3326 ac
459 3261 611 3340 domino,
650 3283 716 3328 non
743 3276 847 3328 autem
875 3285 917 3328 ex
946 3261 1046 3328 anima
1073 3261 1167 3346 igno-

162 3361 266 3430 rantia
287 3365 434 3446 decepta,
459 3376 513 3431 aut
535 3365 659 3430 devicta
679 3387 738 3451 per
755 3366 958 3449 cupiditatum
973 3363 1167 3441 violentiam,

166 3486 250 3552 quae
272 3465 328 3532 uhi
354 3487 421 3532 eam
448 3479 667 3552 occuparunt,
706 3479 831 3552 raptant
860 3489 927 3532 eam
958 3489 995 3534 ao
1023 3468 1167 3544 trabtmt,

168 3591 228 3636 nec
249 3570 333 3636 ultra
355 3591 451 3656 agere
472 3593 531 3638 nos
553 3571 677 3648 sinunt,
705 3575 761 3636 sed
782 3571 849 3655 pati
870 3582 1001 3657 cogunt.

646 3677 693 3740 X.

235 3781 311 3846 Hoc
330 3777 430 3864 igitur
452 3789 500 3842 cst
523 3781 609 3864 qnod
630 3779 662 3846 in
685 3800 835 3845 summam
857 3801 962 3845 sermo
982 3789 1091 3844 noster
1106 3775 1173 3839 col·

168 3881 262 3972 legit,
304 3883 408 3952 omnia
438 3896 502 3948 tum
535 3883 628 3962 fieri,
667 3895 733 3948 tum
761 3881 931 3969 signficari
959 3897 1170 3966 percensis,
