2748 4514
1086 298 1123 358 81

116 471 155 532 ed
183 469 440 532 conservandam
474 487 580 532 rerum
612 475 693 549 ‘quem
718 467 750 528 in
770 467 895 528 Mundo
921 477 1010 540 sunt,
1048 484 1125 530 eon·

117 567 307 632 tinuitstem.
366 567 478 648 Neque
502 566 767 636 ideoambulatio
794 587 886 634 eausa
911 578 1020 644 caret2
1055 565 1132 650 quie

117 670 349 754 exsurgendo
374 687 497 730 eausam
527 689 591 731 non
613 669 727 730 habete
760 679 862 751 nequo
890 681 977 732 reete
1005 671 1044 732 ad
1072 672 1127 732 ad·
1158 661 1165 678 “

119 775 298 836 struendam
327 791 491 832 celisanum
514 770 596 832 inter
622 791 656 833 se
674 771 949 851 optumum-seriem
972 772 1125 836 rationem

119 875 206 938 istem
224 875 400 948 adserunt,
431 875 518 955 quod
535 872 601 942 sine
619 895 712 936 eausa
731 872 808 936 nihil
824 873 891 935 fiat.
936 873 1127 938 sicutenim

119 978 272 1044 notiones
296 987 330 1041 et
353 987 499 1057 tempora
516 976 633 1038 habent
658 998 729 1042 sues
752 997 883 1052 causas,
915 997 979 1040 uon
1002 976 1127 1058 quidem

119 1081 216 1146 motio
239 1091 469 1163 antegressum¹
487 1078 675 1152 motionem,
711 1099 812 1161 neque
837 1090 960 1158 tempps
982 1078 1016 1144 id
1041 1082 1134 1162 quod.

117 1183 291 1266 praecessit
308 1193 456 1262 tempus,
490 1180 610 1262 pariter
633 1201 667 1242 se
688 1182 804 1244 habeut
830 1181 910 1244 etin
933 1181 1127 1262 operationi-

115 1289 192 1361 bus,
217 1285 352 1368 quaein
381 1283 442 1346 iilis
469 1295 500 1348 et
523 1303 583 1366 per
608 1282 661 1346 illa
682 1283 773 1350 fiunt.
817 1283 912 1347 Istius
942 1305 1021 1348 vero
1048 1305 1127 1348 eon·

115 1389 264 1454 tinentiae
304 1409 419 1452 cortun
452 1406 532 1468 quae
564 1385 644 1450 fiunt
683 1399 731 1449 est
772 1407 865 1452 eausa
898 1386 1024 1470 aliqua,
1068 1408 1127 1469 per

119 1514 211 1576 quam
234 1492 378 1556 utunuus
406 1511 484 1556 unus
519 1499 550 1550 et
572 1487 778 1570 sempiternus
802 1491 861 1570 per
885 1488 967 1552 idem
1000 1492 1127 1556 eodem-

118 1617 177 1679 que
203 1597 302 1660 modo
326 1592 483 1674 perpetim
508 1590 650 1674 regitur:
689 1612 769 1673 quae
798 1613 872 1656 sane
901 1615 995 1656 causa
1022 1593 1125 1676 inqui·

119 1702 228 1774 rende,
284 1718 352 1760 non
380 1693 660 1777 ,praetermittenda
700 1705 765 1770 est,
811 1716 874 1758 non
911 1707 1015 1758 tamen
1055 1696 1125 1761 talis

116 1802 321 1866 existimanda
341 1810 411 1875 est,
442 1809 477 1860 ut
498 1816 623 1876 semper
644 1817 684 1858 ox
708 1817 748 1860 eo
775 1800 862 1878 quod
883 1809 929 1861 est
949 1798 1123 1880 antiquius,

114 1905 167 1968 fiat
191 1906 224 1968 id
250 1905 342 1987 qurod
374 1912 423 1968 est
454 1897 629 1973 recentius,
673 1900 835 1980 quomodo
868 1900 899 1962 iu
927 1899 1125 1978 animantium

116 2020 188 2072 ortu
226 2005 418 2089 contingere
457 2003 610 2075 videmus.
676 2000 807 2066 Rationi
839 2001 921 2064 enim
956 2001 1123 2086 congruit,

114 2123 143 2172 nt
169 2131 339 2174 eausanuu
373 2105 502 2190 aliquod
532 2103 573 2166 sit
603 2102 792 2186 principium
819 2107 906 2188 quod
934 2104 1024 2171 aliam
1055 2117 1126 2169 ante

112 2235 145 2277 se
168 2234 296 2276 eausam
320 2209 574 2294 prinoipimnque
603 2227 667 2268 non
692 2207 820 2270 hebeat.
879 2209 954 2274 Non
985 2208 1067 2272 enim
1100 2210 1128 2272 si

114 2314 220 2379 omnia
259 2336 339 2398 quae
367 2313 446 2374 fiunt
476 2308 600 2374 cainam
631 2309 764 2385 hebent,
814 2309 890 2378 ideo
915 2323 954 2374 et
977 2310 1126 2390 ,omnium
1215 2371 1229 2396 ,

112 2423 215 2502 (qune
250 2419 344 2495 sunt)
376 2415 493 2497 aliquas
518 2425 656 2476 'neeesse
684 2423 732 2474 est
768 2433 837 2476 esso
871 2435 992 2476 causas.
1049 2416 1126 2482 Nou
1182 2479 1192 2494 s

112 2522 192 2586 enim
210 2543 300 2604 »quae
323 2531 396 2582 sunt
423 2539 460 2580 ea
481 2516 560 2586 fiunt
583 2513 699 2580 omnia·
757 2514 928 2594 Quomodo
952 2516 1033 2596 enim
1060 2538 1125 2607 uon⁴

112 2625 153 2688 sit
182 2627 358 2699 absonum,
408 2620 511 2684 dicere
544 2617 610 2683 siue
647 2616 724 2710 fine·
749 2638 913 2680 causaruun
948 2623 1130 2702 procedere.

113 2748 299 2802 numerum,
340 2726 496 2806 talemque
519 2741 626 2787 earum
652 2741 720 2782 esse
744 2721 856 2786 seriem
880 2733 976 2805 utque
998 2745 1125 2806 nexum,

112 2841 147 2894 ut
172 2831 257 2894 nulla
279 2829 321 2892 sit
337 2840 392 2890 aut
413 2828 515 2914 prima
537 2843 590 2894 aut
615 2831 747 2898 ultima?
778 2834 859 2900 Nem
883 2833 987 2898 dicere
1009 2837 1126 2902 nullam

113 2955 181 2997 esse
212 2933 351 3015 primam
384 2952 526 3008 ceresam,
564 2932 597 2999 id
619 2955 747 3006 omnem
770 2957 894 3000 causam
920 2958 1037 3022 negare
1065 2927 1155 3004 est}

99 3037 241 3119 ,Quippe
272 3035 301 3098 si
332 3033 521 3116 principium
551 3036 667 3113 tolles,
706 3057 832 3100 neeesse
858 3051 905 3114 est
939 3041 1008 3104 tolli
1033 3041 1133 3114 etiam,

115 3143 201 3223 quod
222 3149 300 3220 post
325 3136 428 3219 ipsum
448 3148 516 3212 est,
552 3151 647 3222 atque
677 3161 714 3204 ea
732 3141 854 3204 ratione
880 3143 1010 3206 tolletur
1033 3143 1126 3208 etiam

116 3242 256 3308 seientia.
313 3241 398 3302 Nam
430 3239 565 3314 scientie
581 3241 713 3323 proprie
746 3255 793 3312 est
815 3244 985 3326 primarum
1015 3267 1128 3310 cause.

116 3367 185 3414 mm
218 3343 346 3410 notitia.
413 3342 459 3404 At
484 3346 652 3416 seeundum
679 3344 752 3418 iilos
781 3345 813 3408 in
845 3345 945 3412 causis
971 3345 1047 3410 nihil
1080 3361 1128 3416 est

116 3449 264 3532 primum.
311 3447 426 3528 Neque
456 3466 536 3516 vero
568 3446 671 3518 omnis
702 3447 820 3518 ordinis
849 3449 1060 3532 transgressio
1091 3474 1128 3518 ea

116 3552 241 3634 perimit
273 3550 309 3617 in
343 3545 456 3629 quobus
484 3547 533 3610 fit.
588 3547 677 3611 Fieri
704 3549 785 3612 eninr
814 3559 920 3629 potest
955 3563 988 3614 ut
1016 3567 1128 3622 eontra

115 3655 198 3740 regis
221 3649 457 3718 ordinationem
482 3649 586 3732 aliqua
607 3650 700 3726 fiant,
736 3671 815 3734 quae
835 3663 936 3722 tamen
964 3677 1027 3726 uon
1050 3659 1124 3736 evg-

119 3759 192 3824 dunt
209 3753 323 3842 regnis
346 3750 493 3818 exitialia.
539 3754 607 3818 Nee
632 3753 658 3816 si
678 3752 753 3840 quid
775 3753 836 3816 tale
854 3754 890 3834 iu!
912 3757 1035 3824 Mundo
1061 3761 1127 3834 fiat,
