2790 4512
264 361 325 424 16⁰
369 392 373 400 ·

258 520 349 593 δὲτὸ
364 518 528 616 θεώρημα
543 529 598 592 καὶ
608 523 659 590 ἐπί
673 517 732 604 τὴν
741 517 871 613 πρώτην
881 517 1090 615 φιλοσοφίαν
1100 521 1116 576 .¹
1125 514 1255 612 ιδὲυρί·

258 650 336 705 σεις.
377 622 518 709 Ζητὴοει
537 624 602 718 γὰρ
623 629 679 691 καὶ
696 649 714 691 ο
703 619 910 711 ’θεόλογος,
932 619 1019 690 κατά
1039 623 1115 690 τίνα
1134 617 1255 714 τρόπον

254 722 320 796 ἀπὸ
333 728 391 809 τῆς
401 729 556 856 προνοίας
575 728 837 848 διακυβερνᾶται
853 751 894 792 τα
880 723 1008 792 ἐν
962 750 1007 818 τῳ
1025 719 1138 816 κόσμῳ
1155 719 1259 847 πράγ-

254 825 363 919 ματα,
385 836 442 897 καί
459 832 520 898 ε’ίτε
538 817 647 897 πάντα
668 823 851 917 ὡρισμένως
867 833 923 894 και
945 822 1018 907 ἐξ
999 822 1143 913 ἀνάγκης
1157 830 1259 946 γίγνε-

254 957 311 1000 ται
332 929 375 999 τά
393 928 588 1020 γιγνόμενα,
620 927 778 1022 καθάπερ
800 926 845 996 τά
867 932 919 997 ἐπὶ
940 931 1004 996 τῶν
1021 923 1171 1010 ἀιδίων
1153 925 1257 1020 υπάρ-

252 1058 372 1124 χοντα,
408 1032 430 1117 ἤ
457 1037 526 1102 ἐστι
553 1030 629 1102 τινά
652 1038 705 1100 καί
733 1035 784 1100 ἐπί
813 1035 1022 1121 ἐνδεχομένων
1049 1033 1258 1118 ἐκβαίνοντα,

254 1128 298 1205 ἀν
314 1136 374 1220 τὴν
395 1140 520 1225 γένεσιν
539 1139 590 1204 ἐπὶ
610 1133 746 1228 μερικάς
766 1132 918 1217 δηλονότι
936 1141 993 1203 καὶ
1013 1132 1132 1202 ἄλλοτε
1152 1131 1258 1214 ἄλλως

254 1237 392 1329 ἐχούσας
412 1236 521 1318 άιτίας
542 1235 674 1326 ἀνάγειν
696 1233 831 1323 ἀνάγκη.

243 1388 245 1396 ι
316 1345 388 1410 Καὶ
415 1338 490 1408 οὐδὲ
518 1339 595 1419 τοὺς
626 1337 711 1434 πάνυ
742 1337 910 1419 ἰδιωτικῶς
941 1342 1165 1428 διακειμένους
1195 1339 1258 1407 τάν
1290 1393 1292 1402 .

254 1440 445 1537 ἀνθρώπων
469 1441 614 1535 ἑυρῆοεις
641 1440 843 1532 ἀμελοῦντας
868 1443 927 1525 τῆς
955 1449 1028 1534 περὶ
1056 1439 1178 1510 τούτου
1199 1443 1258 1510 τοῦ

169 1555 172 1562 ’
252 1541 475 1638 θεωρήματος
504 1546 644 1627 ἐννοίας,
687 1543 775 1614 ἀλλά
800 1543 877 1636 τοὺς
904 1553 964 1633 μὲν
995 1543 1038 1624 ὡς
1068 1540 1200 1614 πάντων
1228 1545 1261 1627 ἐξ

254 1645 397 1736 ἀνάγκης
423 1653 619 1739 γιγνομένων
640 1645 700 1728 τάς
725 1646 838 1728 ἀιτίας
862 1638 906 1718 ὧν
932 1642 1182 1739 ἁμαρτάνουσιν
1209 1649 1259 1714 ἐπὶ

253 1749 314 1834 τὴν
331 1753 525 1844 έιμαρμένην
544 1747 566 1836 ἢ
587 1747 646 1834 τὴν
666 1748 843 1846 πρόνοιαν,
865 1747 924 1834 τήν
945 1776 979 1819 τε
1001 1755 1105 1819 θείαν
1125 1756 1182 1818 καί
1200 1748 1259 1832 τὴν

253 1851 471 1944 δαιμονίαυ’
452 1859 629 1974 αναφὲρειν
653 1859 889 1946 πειρωμένους,
917 1849 1076 1946 καθάπερ
1107 1849 1126 1920 ὁ
1159 1850 1258 1923 ἀπαι-

252 1953 371 2098 δεύτως
390 1952 466 2048 παρ’
487 1952 635 2047 Ὃμιγρῳ
631 1959 746 2044 λέγων

327 2091 565 2112 -----
598 2055 772 2136 Ἐγώδ’
740 2081 798 2118 ουκ
816 2057 949 2126 ὰίτιός
931 2082 993 2140 ειμι
1011 2065 1040 2130 2)

325 2156 414 2220 Ἀλλά
432 2155 503 2225 Ζεὺς
521 2155 577 2218 καί
594 2159 702 2242 Μοιρα
718 2158 806 2221 ταδ’
791 2159 965 2243 ηεροφοῖτις
979 2160 1125 2242 Ἐριννύς.

255 2259 332 2342 τοὺς
349 2266 402 2344 δὲ,
425 2257 468 2340 ὡς
486 2259 588 2330 ὄντων
605 2265 700 2331 τινῶν
718 2271 774 2332 καὶ
797 2261 846 2359 ἐφ’
866 2261 944 2352 ἡμῖν
954 2317 963 2347 ,
985 2260 1255 2354 ἀπομαχομένους

253 2375 313 2455 μὲν
335 2372 405 2444 τοῖς
425 2361 533 2432 πάντα
555 2361 812 2452 ἀναγκάζουσιν,
845 2363 1019 2449 ἀξιοῦντας
1043 2371 1077 2435 δὲ
1101 2364 1191 2455 ἡμᾶς
1214 2363 1256 2445 ὡς

253 2463 486 2550 ἀυτοκινὴτους
526 2470 678 2548 παιδείας
726 2497 761 2540 τε
803 2475 859 2538 καί
906 2466 1024 2564 ἀρετῆς
1071 2472 1280 2559 ἐπιμέλειαν.

254 2577 439 2642 ποιεῖσθαι.

735 2708 765 2768 γ.

320 2774 493 2863 Τοσαύτην
522 2777 579 2849 ὀῦν
610 2777 749 2870 δύναμιν
781 2783 911 2872 ἔχοντος
942 2785 1002 2852 τοῦ
1032 2777 1255 2875 θεωρήματος

253 2876 336 2973 πρὸς
356 2878 465 2950 πάντα
489 2879 580 2970 ἡμῶν
601 2883 658 2954 τὸν
684 2889 759 2973 βίον
784 2883 982 2974 ἀναγκαῖον,
1017 2882 1162 2974 ἡγοῦμαι
1194 2886 1256 2952 τῶν
1282 2925 1285 2932 -

252 2978 360 3052 πάντα
378 2980 570 3072 ἀναγκάζειν
591 2989 618 3068 ¹)
640 2994 842 3082 πειρωμένων
860 2985 966 3077 λόγων
984 2986 1062 3067 τοὺς
1077 2989 1256 3066 δοκοῦντας

252 3090 403 3181 παρέχειν
422 3084 498 3155 τινά
514 3094 583 3166 τοῖς
596 3086 774 3160 ἀκούουσιν
794 3089 937 3183 ἀπορίαν
956 3094 1129 3161 έκθέσθαί
1146 3117 1180 3159 τε
1201 3096 1256 3158 καί

252 3193 424 3259 διαλῦσαι
448 3185 560 3258 δάοδέ
546 3188 705 3260 έτοιίτων
728 3192 848 3276 ὄντων,
870 3196 1008 3282 τοῦμὲν
1027 3199 1254 3285 λογικωτέρου,

252 3296 312 3362 τοῦ
333 3297 368 3362 δὲ
354 3292 811 3421 ὲπραγματειωδεστέρου,“
795 3305 891 3420 ομὲυ
913 3292 1132 3386 λογικώτερως
1152 3292 1256 3417 προά-

251 3420 343 3483 γεται
362 3392 405 3475 ὡς
429 3398 481 3464 ἐπί
502 3422 590 3475 τινος
613 3392 704 3485 ἡμῶν
729 3401 904 3491 ἐνεργείας,
938 3396 1008 3467 δίον
1029 3425 1088 3481 της
1108 3397 1194 3466 κατὰ
1214 3397 1255 3465 τὸ

250 3500 395 3592 θερίζειν
422 3497 480 3567 τὸν
501 3495 623 3593 τρόπον
646 3501 772 3570 τοῦτον
825 3498 877 3570 Ει
898 3506 1045 3595 θεριεῖς,
1081 3506 1182 3594 φησὶν
1202 3501 1254 3580 ²),

252 3597 322 3691 οὐχὶ
340 3596 426 3689 τάχα
439 3609 499 3688 μὲν
519 3608 662 3695 θεριεῑς,
683 3599 769 3692 τάχα
786 3608 822 3672 δὲ
844 3601 883 3673 οὐ
904 3610 1049 3697 θεριεῑς,
1072 3599 1159 3672 ἀλλὰ
1171 3597 1255 3670 πάν-

251 3729 315 3782 τως
332 3708 476 3794 θεριεῖς,
497 3711 552 3772 καὶ
571 3709 600 3774 ἐι
614 3703 660 3794 μὴ
680 3712 825 3801 θεριεῑς,
848 3706 918 3795 οὐχὶ
939 3703 1023 3796 τάχα
1038 3714 1097 3794 μέν
1114 3709 1254 3797 θεριείς,

253 3803 339 3873 ἀλλά
358 3801 489 3885 πάντως
510 3804 548 3874 οὐ
572 3813 713 3898 θεραίς·
746 3807 833 3879 ἀλλά
851 3808 917 3899 μὴν
942 3811 975 3891 ἐξ
994 3806 1139 3896 ἀνάγκης
1157 3805 1179 3890 ἤ
1202 3832 1254 3874 τοι

253 3913 396 4001 θεριεῐς,
424 3903 501 3990 {iot}
523 3914 658 4000 θεριεῐς.
697 3908 878 4008 Ἀνγγριγται
900 3909 968 4004 ἀρα
987 3909 1026 3980 τὸ
1044 3908 1146 4000 τάχα,
1168 3912 1252 4001 ἑίπερ
