2790 4512
1094 327 1156 398 att

130 520 179 562 an
206 519 286 562 vero
309 497 453 573 talcvsit,
478 498 631 580 utpossit
654 499 821 578 declinari,
846 520 906 564 nee
921 499 1043 583 penitus
1064 497 1095 560 iu
1118 518 1152 558 se

126 601 359 666 'necessitatem
384 603 513 684 habeat.
566 604 620 664 Ex
641 602 799 666 commrmi
820 602 945 684 quidem
969 604 1029 664 bae
1054 603 1093 663 de
1116 621 1153 662 rc
1181 647 1184 658 ,

136 705 304 769 bominum
318 701 458 789 iudicio,
483 717 628 768 nentrum
645 706 761 768 horum
778 704 910 772 firmiter
921 717 1057 768 statuere
1075 726 1153 792 pos,

134 829 258 874 snmus.
304 807 506 889 Quandoque
520 808 603 874 enim
616 808 730 876 Fatum
749 810 914 872 decantant
936 830 973 875 ac
993 801 1154 876 celebrant

136 921 288 994 tanquam
308 909 540 986 necessarium
573 914 764 994 quandoque
790 923 895 974 antem
919 933 984 974 non
1016 933 1151 992 prorsus

139 1013 253 1078 Fatum
265 1012 505 1078 continuitatem
517 1035 709 1077 conservare
723 1017 866 1082 credunt.
905 1015 987 1078 Nam
1003 1013 1058 1096 qui
1071 1015 1152 1080 mul-

138 1115 179 1180 tis
208 1116 319 1180 verbis
356 1115 464 1184 conati
498 1129 571 1184 sunt
599 1120 766 1180 ostendere
793 1118 907 1182 Fatum
943 1116 1152 1181 necessarium

137 1239 229 1295 esse,
269 1217 374 1286 omnia
406 1217 468 1302 ipsi
499 1216 726 1296 attribuentes,
762 1219 793 1282 in
828 1219 1005 1288 actionibus
1040 1231 1154 1302 postea

141 1321 226 1388 vitae
255 1343 320 1386 non
345 1320 492 1390 videntur
512 1321 575 1405 ipsi
598 1322 694 1386 fidem
717 1324 848 1409 babere.
892 1323 974 1386 Nam
992 1318 1178 1388 fortunam

141 1424 327 1507 plerumque
351 1415 538 1502 inclamant,
575 1426 710 1494 fatentes
736 1427 817 1492 hanc
841 1426 998 1492 diversam
1027 1448 1153 1496 ,eausam

141 1531 160 1592 a
177 1527 262 1590 Fato
280 1548 364 1590 esse.
410 1526 495 1609 Quin
517 1530 593 1593 deos
612 1551 770 1612 nunquam
787 1529 912 1612 precari
929 1540 1070 1605 cessant,
1094 1551 1153 1594 ceu

139 1629 258 1714 aliquid
288 1631 329 1694 ab
365 1629 426 1696 illis
459 1644 595 1714 propter
625 1653 738 1716 preces
769 1632 872 1715 possit
904 1633 997 1701 etiam
1027 1645 1154 1716 praeter

140 1733 258 1798 Fatum
278 1732 372 1800 effici.
427 1733 492 1798 Sed
510 1737 691 1802 consultant
720 1757 848 1819 quoqne
881 1738 920 1800 de
945 1737 1040 1799 rebus
1071 1757 1089 1798 a
1119 1755 1154 1798 se

138 1836 293 1924 agendis:
330 1835 417 1920 atqui
448 1859 519 1904 eum
547 1839 627 1904 haec
654 1859 782 1922 quoque
810 1839 894 1902 Fato
930 1837 1001 1901 fieri
1026 1837 1153 1912 dicant,

138 1951 245 2004 tamen
272 1939 470 2004 consiliarios
494 1943 675 2018 arcessimt,
709 1952 743 2010 et
765 1940 896 2008 oracula
916 1961 1045 2024 qnoque
1067 1940 1154 2005 adire

140 2064 205 2108 non
224 2054 400 2136 'verentm3
422 2055 571 2128 tanquam
587 2044 729 2128 possint,
752 2043 781 2110 si
800 2029 1043 2127 praedidicerint
1059 2063 1153 2107 cave.

142 2167 176 2210 re
202 2149 244 2210 ab
266 2146 394 2229 aliquo,
429 2150 517 2230 quod
545 2150 628 2214 Fato
651 2150 812 2212 decretum
840 2146 893 2212 sit.
938 2146 1155 2228 Quamobrem

140 2270 240 2332 quum
266 2249 301 2312 hi
331 2248 394 2318 sibi
427 2251 649 2336 refragantur,
695 2251 780 2314 circa
807 2271 859 2314 res
891 2249 1041 2314 maximas
1074 2252 1155 2314 adeo

142 2362 254 2433 aperte
275 2351 501 2424 dissensionem
522 2355 692 2432 babentes,
716 2353 829 2418 merito
851 2353 950 2439 igitur
966 2353 1059 2419 fictae
1082 2351 1155 2420 illac

143 2454 306 2532 rationes,
341 2477 420 2538 quas
442 2459 482 2520 ad
501 2459 616 2524 borum
637 2458 842 2527 concordiam
856 2459 1001 2534 addunt,
1035 2477 1156 2522 avere

142 2569 176 2622 et
196 2579 215 2620 a
236 2558 300 2622 fide
323 2579 458 2640 prorsus
487 2560 604 2624 alienae
628 2573 713 2630 sunt.
757 2561 896 2630 Videtur
922 2581 1025 2642 porro
1041 2559 1086 2649 'in
1115 2557 1155 2622 iis

143 2681 228 2746 quae
251 2673 441 2746 generantur
468 2675 797 2747 etenrrumpuntur,
831 2661 1047 2747 contingentia
1072 2683 1156 2745 quos

144 2783 210 2846 qne
229 2784 321 2840 esse,
345 2785 424 2848 qnae
441 2775 477 2834 ut
502 2767 580 2834 nibil
601 2768 780 2838 necessario
798 2767 853 2830 fiat
870 2765 903 2830 in
926 2765 964 2836 iis
986 2764 1018 2828 in
1040 2765 1156 2849 quibus

142 2866 196 2942 sit,
220 2887 314 2932 causa
332 2879 393 2936 est.
436 2856 689 2953 Perquirendum
706 2871 804 2955 igitur
818 2892 855 2934 ac
870 2868 1095 2940 &renuendum
1111 2871 1151 2936 de

143 2989 206 3046 eo,
235 2970 305 3034 sive
329 2971 387 3048 sit,
421 2971 490 3036 sire
513 2995 578 3038 non
607 2975 661 3044 sit,
704 2976 795 3038 Haec
821 2973 904 3038 enim
932 2985 1043 3038 namra
1073 2973 1153 3036 detis

147 3073 212 3136 nita
233 3076 274 3142 ad
295 3074 513 3158 reperiendam
530 3077 603 3146 Fati
619 3056 824 3146 substantiam
842 3076 934 3148 nobis
952 3095 1153 3156 summopere

147 3177 309 3246 contueit,
365 3177 446 3245 Satis
469 3202 544 3244 sane
572 3193 621 3246 est
643 3181 818 3250 communis
840 3203 915 3250 usus
938 3182 979 3244 ad
1000 3177 1153 3245 constitu-
1262 3171 1263 3176 ’

148 3278 269 3344 tionem
298 3281 510 3368 contingentis
541 3297 694 3352 naturas:
730 3285 833 3350 nullus
866 3282 947 3350 enim
974 3302 1013 3344 ne
1042 3301 1152 3350 eorum

148 3382 293 3468 quidem.
327 3386 381 3470 qui
412 3387 517 3452 omnia
548 3409 590 3450 ex
606 3385 807 3458 'necessitate
838 3386 909 3452 fieri
936 3383 1089 3448 affirmant
1122 3384 1156 3448 in

147 3485 213 3550 vita
235 3499 270 3554 et
295 3490 470 3558 actionibus
495 3489 597 3569 vitae,
634 3514 700 3556 non
728 3503 861 3556 testatur
880 3509 976 3570 posse
1002 3490 1156 3572 quaedam

148 3609 259 3658 ennam
280 3593 471 3676 quaenunt,
494 3616 560 3660 non
580 3595 668 3673 fieri,
692 3607 724 3664 et
744 3615 856 3659 eorum
874 3612 958 3676 quae
974 3613 1040 3656 non
1059 3591 1150 3666 fiunt.

151 3692 233 3764 fleri·
292 3695 472 3776 Quinetiam
504 3697 684 3765 idratione
711 3699 877 3763 ostendere
911 3693 1065 3779 'perfacile
1092 3705 1154 3761 est.

152 3796 258 3864 Multa
278 3799 361 3864 enim
390 3821 502 3868 eorum
523 3823 603 3887 quae
624 3803 704 3868 flunt
723 3801 840 3887 partim
863 3821 882 3864 a
903 3812 1015 3866 natura
1038 3795 1154 3888 partim

151 3919 271 3968 acasu
299 3902 371 3970 fieri
407 3905 438 3972 in
476 3906 624 3973 cenoso
655 3917 715 3971 est.
775 3902 856 3972 Esse
899 3915 1001 3968 autem
1037 3899 1156 3983 aiunt
