2748 4514
247 323 288 397 '58

244 495 324 578 Πῶς
344 497 408 590 γὰρ
427 499 475 568 ἔτι
491 492 708 590 Ἀλέξανδρος
727 493 746 564 6
767 493 925 588 Πριάμου
943 493 1087 587 ἐνόλιτίᾳ
1110 499 1176 579 ἐίη,
1213 494 1257 576 ὡς

244 601 435 694 ’διαμαρτὼν
465 608 536 693 περὶ
574 599 633 684 τὴν
664 604 723 683 τῆς
750 596 879 682 Ἑλένης
906 597 1078 691 αρπαγύνς
1124 601 1194 679 πῶς
1226 597 1257 668 δ’
1289 689 1299 698 .

240 700 455 792 Ἀγαμέμνων
479 699 620 792 έυλόγως
641 701 1052 796 ύυτούκαταψηφίζοιτο,
1082 707 1184 790 λέγων
1209 701 1256 771 ού

242 801 272 874 δ
302 804 430 886 ἆυτὸς
458 804 689 894 ἀναίνομαι
724 806 787 888 ¹⁵),·
820 802 872 873 'Ec
892 803 1036 896 μὲνγὰρ
1059 810 1140 895 ἐῖχεν
1163 805 1255 888 ἐξον-

241 911 317 977 σίαν
339 905 554 1001 ύπεριδεῖν”
532 939 554 992 η
584 907 799 998 Ἀλέξανδρος
829 911 893 976 τῶν
927 904 1000 976 τότε
1029 905 1254 1000 περιεστώτων

240 1007 343 1080 ῖιυτὸν
343 974 688 1136 παρακαλούντων
672 1017 724 1078 επὶ
750 1007 810 1093 τὴν
831 1008 999 1104 ἁρπαγὴν,
1038 1040 1058 1094 η
1053 1009 1254 1091 Μενέλαος

239 1117 304 1184 τῶν
334 1113 530 1204 ἀγανακτεῖν
563 1109 783 1204 ἐπαιρόντων,
827 1111 849 1196 ἢ
875 1111 1137 1203 Ἀγαμέμνων
1105 1112 1183 1236 ἐφ’
1201 1111 1252 1193 ὁῖς

177 1213 180 1218 ’
239 1215 282 1298 ὡς
292 1215 524 1310 ἀναμάρτητος
538 1215 640 1285 ἐιυτου
626 1218 683 1266 ¹⁵
690 1219 721 1298 a)
737 1221 948 1307 κατατρέχει,
963 1205 1183 1304 ἐυλόγωςόίν
1165 1241 1251 1300 ησαν

187 1396 188 1404 η
238 1325 272 1389 ἐν
289 1319 391 1388 aazia.
429 1307 568 1387 3Ἐιδ
549 1343 589 1402 ην
608 1315 713 1386 πύλαι
739 1324 795 1386 καὶ
804 1315 1003 1410 πρόπαλαι,
1014 1326 1079 1388 καί
1101 1318 1167 1412 πρὸ
1190 1323 1251 1389 τοῦ

237 1522 476 1650 προλεγόμενργ
493 1519 618 1591 τούτων
635 1527 794 1607 ἕκαστον,
817 1521 867 1619 ἐφ
884 1522 943 1604 ὃῐς
951 1522 1095 1609 ποιήσας
1109 1523 1248 1595 ἐσδύνε-

235 1654 309 1709 ται,
345 1630 413 1706 πῶς
438 1623 478 1696 ίίν
502 1623 542 1694 ἐτ
573 1622 669 1694 ἆντοὶ
701 1629 764 1695 τῶν
784 1633 961 1716 γινομένων
982 1625 1087 1711 ¹⁶)
1051 1654 1112 1712 την
1136 1626 1250 1734 οῖιτίανΙ

236 1730 355 1820 ἕχοιενς
386 1732 466 1810 Πῶς
488 1733 524 1798 δέ
550 1756 601 1809 τις
622 1725 812 1817 έξηγησεται
840 1737 895 1799 καὶ
920 1730 958 1799 τὸ
985 1729 1048 1852 ἐηί
1057 1729 1135 1820 ἡμῖν
1163 1735 1249 1800 ἐῖναι

234 1831 295 1914 τός
319 1860 353 1901 τε
375 1830 494 1926 ἀρετὰς
521 1838 578 1901 καὶ
601 1834 718 1912 κακίας
739 1835 801 1918 ¹⁷),·
832 1832 922 1903 λπεί
949 1861 984 1923 γε
1011 1832 1115 1914 ὁύτως
1144 1833 1248 1904 ὄντοιν

234 1933 325 2066 ἡμῶν
350 1940 412 2020 ¹⁸),
433 1939 502 2016 πῶς
524 1933 564 2004 έτ
586 1932 627 2004 ύίν
652 1933 793 2023 ἐυλόγως
811 1935 844 2003 οἱ
866 1941 966 2024 μὲν
950 1945 1012 2004 εῖεν
1035 1941 1069 2005 ἐν
1090 1929 1247 2020 ἐπαίνοις,

235 2045 267 2107 οἱ
291 2043 365 2107 δέ
349 2065 383 2108 εν
406 2036 551 2134 ιμόγοιςς
585 2034 701 2105 θυδέν
719 2036 785 2128 γὰρ
814 2037 933 2105 ἄλλ’
911 2067 931 2120 η
954 2035 1153 2128 συνηγορίαν
1177 2048 1249 2120 τοῖς

234 2147 348 2219 κακοῖς
372 2138 411 2206 τὸ
441 2137 550 2228 δόγμα
579 2141 678 2205 τοῦτο
701 2135 855 2232 προξενεῖ.
901 2135 1043 2232 Ὁρῶμεν
1073 2145 1153 2228 γοῦν
1183 2146 1247 2211 τοῖν

232 2245 293 2334 μέν
312 2241 457 2331 ἀγαθῶν
477 2269 511 2310 τε
537 2248 591 2310 καὶ
617 2243 724 2310 καλῶν
745 2237 891 2334 πράξεων
913 2241 1030 2311 οὐδένα
1050 2242 1109 2327 τὴν
1129 2247 1246 2336 ἐκμαρ-

183 2363 185 2368 ’
231 2352 347 2437 μένην,
382 2342 458 2416 οὐδὲ
486 2344 546 2428 τὴν
563 2340 715 2431 Ιοἰνοίγκην
733 2341 942 2436 ἇιτιώμενον,
965 2346 1043 2427 τούς
1065 2352 1100 2416 δέ
1122 2349 1246 2429 κακούς

232 2447 272 2520 δι’
301 2451 422 2534 ἐκείνην
443 2445 616 2528 τοιούτους
646 2451 730 2517 ἐῖναι
757 2454 921 2537 λέγοντας.
960 2446 998 2519 ‘0
1011 2448 1245 2532 πιστεύσαντες

232 2549 386 2634 καὶτοὺς
407 2549 620 2648 φιλοσόφους
648 2557 751 2639 λέγειν
759 2603 768 2634 ,
796 2555 865 2632 πῶς
894 2551 932 2629 οὐ
953 2551 1037 2640 μετὰ
1054 2557 1243 2646 παρῥησίας

231 2655 328 2726 ἇυτοί
349 2682 386 2745 γε
410 2660 461 2726 ἐπὶ
484 2660 590 2726 ταῦτα
615 2651 822 2739 ἐλεύσονται,
855 2651 932 2735 τούς
953 2682 987 2724 τε
1012 2654 1135 2738 ἄλλους
1159 2669 1242 2750 προὲ

231 2765 433 2855 τρέιμουοινς
1031 2785 1034 2796 ’

291 2958 426 3043 Πῶςδ
450 2963 492 3033 ἐίν
516 2962 648 3049 σώζοιεν
671 2970 813 3036 τοιαῦτα
837 2971 984 3055 λέγοντες
1009 2965 1069 3050 τὴν
1088 2964 1154 3035 ύπὸ
1177 2968 1241 3037 τῶν

185 3059 189 3067 ’
228 3069 321 3138 θεῶν
341 3070 512 3156 γινομένην
536 3071 600 3137 τῶν
620 3072 756 3154 θνητῶν
782 3066 961 3161 πρόνοιανς
1001 3075 1029 3139 ἐι
1057 3070 1122 3163 γὰρ
1148 3066 1184 3138 ἁί
1205 3097 1239 3139 τε

227 3165 406 3242 τῶνδεῶν
432 3167 638 3266 ἐπιφάνειαι,
674 3164 716 3252 όίς
741 3197 828 3266 φασι
847 3175 1006 3260 γίνεσθαί
1030 3201 1119 3256 τισι,
1151 3169 1240 3242 κατοί

228 3291 301 3344 τινα
325 3277 474 3364 γίνονται
497 3278 850 3366 προκαταβεβλημένην
876 3271 1003 3358 διετίαν,
1036 3273 1080 3356 ὡς
1094 3275 1163 3368 ’πρὸ
1178 3277 1239 3363 τοῦ

227 3381 387 3466 γενέσθαί
403 3406 478 3450 τινα
500 3375 623 3461 ἀυτῶν,
661 3375 791 3460 ἀληθές
810 3380 893 3446 ἐῖναι
913 3377 951 3447 τὸ
971 3383 1066 3448 τοῦδε
1084 3389 1146 3469 μὲν
1168 3381 1237 3452 ἐσε-

228 3483 318 3552 οθαί
337 3509 412 3553 τινα
438 3487 472 3552 ἐκ
492 3484 584 3604 θεων
601 3483 810 3570 κηδεμονίαν,
839 3485 935 3551 τοῦδε
960 3487 995 3552 δέ
1018 3482 1080 3572 μὴ,
1109 3487 1178 3565 πῶς
1195 3483 1238 3555 ἰίν

225 3586 290 3653 ἐτι
284 3588 432 3654 τοῦτο
424 3581 599 3680 πρόνοιάν
608 3611 659 3666 τις
681 3590 708 3669 ¹)
738 3587 874 3666 δικαίως
895 3591 1001 3674 λέγοι,
1024 3611 1083 3670 την
1101 3585 1140 3656 οὐ
1162 3588 1234 3658 κατ’

225 3685 320 3770 αξίαν
339 3693 548 3777 γιγνομένην,
585 3687 672 3759 ἀλλὰ
692 3685 779 3758 κατό
799 3715 875 3759 τινα
900 3686 1045 3811 ανάγκην
1065 3715 1238 3784 προκατα-

224 3794 443 3879 βεβλημένηνς
464 3796 531 3872 πῶς
552 3789 623 3862 δ”
601 3821 642 3862 αν
659 3791 796 3877 σώζοιτο
817 3779 873 3860 καί
896 3790 917 3875 ἡ
933 3790 1016 3884 πρὸς
1037 3791 1113 3874 τούς
1129 3795 1237 3877 θεοὺς

225 3899 374 3982 ἐνσέθεια
396 3898 460 3964 τῶν
477 3898 620 3982 ε’νσεβεῖν
642 3901 841 3978 δοκούντων,
873 3893 959 3966 διότι
981 3895 1027 3986 μὴ
1048 3895 1092 3966 ἐπ
1121 3897 1238 3980 ἀστοῖς
