<?xml version="1.0" encoding="UTF-8"?>
<!DOCTYPE html PUBLIC "-//W3C//DTD XHTML 1.0 Transitional//EN"
    "http://www.w3.org/TR/xhtml1/DTD/xhtml1-transitional.dtd">
<html xmlns="http://www.w3.org/1999/xhtml" xml:lang="en" lang="en">
 <head>
  <title>
</title>
<meta http-equiv="Content-Type" content="text/html;charset=utf-8" />
  <meta name='ocr-system' content='tesseract 3.04.00' />
  <meta name='ocr-capabilities' content='ocr_page ocr_carea ocr_par ocr_line ocrx_word'/>
</head>
<body>
  <div class='ocr_page' id='page_1' title='image "./alexandriaprodi00alexgoog_0054.png"; bbox 0 0 2694 4508; ppageno 0'>
   <div class='ocr_carea' id='block_1_1' title="bbox 1090 291 1128 352">
    <p class='ocr_par' dir='ltr' id='par_1_1' title="bbox 1090 291 1128 352">
     <span class='ocr_line' id='line_1_1' title="bbox 1090 291 1128 352; baseline 0.026 -1"><span class='ocrx_word' id='word_1_1' title='bbox 1090 291 1128 352; x_wconf 78' lang='lat'><strong>37</strong></span> 
     </span>
    </p>
   </div>
   <div class='ocr_carea' id='block_1_2' title="bbox 113 445 1127 637">
    <p class='ocr_par' dir='ltr' id='par_1_2' title="bbox 113 445 1127 637">
     <span class='ocr_line' id='line_1_2' title="bbox 115 445 1127 546; baseline 0.012 -32"><span class='ocrx_word' id='word_1_2' title='bbox 115 469 177 517; x_wconf 89' lang='lat' dir='ltr'><strong>non</strong></span> <span class='ocrx_word' id='word_1_3' title='bbox 200 471 263 534; x_wconf 90' lang='lat' dir='ltr'><strong>per</strong></span> <span class='ocrx_word' id='word_1_4' title='bbox 287 452 500 516; x_wconf 77' lang='lat' dir='ltr'>accessionem</span> <span class='ocrx_word' id='word_1_5' title='bbox 523 465 554 516; x_wconf 92' lang='lat' dir='ltr'><strong>et</strong></span> <span class='ocrx_word' id='word_1_6' title='bbox 576 445 832 539; x_wconf 66' lang='lat' dir='ltr'><strong>consequentiam</strong></span> <span class='ocrx_word' id='word_1_7' title='bbox 855 462 894 522; x_wconf 89' lang='lat' dir='ltr'><strong>ad</strong></span> <span class='ocrx_word' id='word_1_8' title='bbox 916 461 947 523; x_wconf 84' lang='lat' dir='ltr'><strong>id</strong></span> <span class='ocrx_word' id='word_1_9' title='bbox 970 465 1057 546; x_wconf 85' lang='lat' dir='ltr'><strong>quod</strong></span> <span class='ocrx_word' id='word_1_10' title='bbox 1080 475 1127 526; x_wconf 79' lang='lat' dir='ltr'><strong>est</strong></span> 
     </span>
     <span class='ocr_line' id='line_1_3' title="bbox 113 555 1125 637; baseline 0.012 -20"><span class='ocrx_word' id='word_1_11' title='bbox 113 555 314 637; x_wconf 78' lang='lat' dir='ltr'><strong>principale,</strong></span> <span class='ocrx_word' id='word_1_12' title='bbox 355 568 442 618; x_wconf 88' lang='lat' dir='ltr'><strong>recte</strong></span> <span class='ocrx_word' id='word_1_13' title='bbox 471 555 545 619; x_wconf 91' lang='lat' dir='ltr'><strong>hinc</strong></span> <span class='ocrx_word' id='word_1_14' title='bbox 572 558 743 622; x_wconf 84' lang='lat' dir='ltr'><strong>inferamus</strong></span> <span class='ocrx_word' id='word_1_15' title='bbox 772 583 836 637; x_wconf 81' lang='lat' dir='ltr'><strong>pon</strong></span> <span class='ocrx_word' id='word_1_16' title='bbox 859 563 978 627; x_wconf 87' lang='lat' dir='ltr'><strong>frustra</strong></span> <span class='ocrx_word' id='word_1_17' title='bbox 1002 587 1071 628; x_wconf 89' lang='lat' dir='ltr'><strong>esse</strong></span> <span class='ocrx_word' id='word_1_18' title='bbox 1093 567 1125 629; x_wconf 93' lang='lat' dir='ltr'><strong>in</strong></span> 
     </span>
    </p>
   </div>
   <div class='ocr_carea' id='block_1_3' title="bbox 114 658 1237 734">
    <p class='ocr_par' dir='ltr' id='par_1_3' title="bbox 114 658 1237 734">
     <span class='ocr_line' id='line_1_4' title="bbox 114 658 1237 734; baseline 0.01 -14"><span class='ocrx_word' id='word_1_19' title='bbox 114 659 241 722; x_wconf 86' lang='lat' dir='ltr'><strong>homine</strong></span> <span class='ocrx_word' id='word_1_20' title='bbox 265 658 341 722; x_wconf 81' lang='lat' dir='ltr'><strong>vim</strong></span> <span class='ocrx_word' id='word_1_21' title='bbox 371 661 654 724; x_wconf 84' lang='lat' dir='ltr'><strong>consultratricem.</strong></span> <span class='ocrx_word' id='word_1_22' title='bbox 706 665 839 734; x_wconf 80' lang='lat' dir='ltr'><strong>Frustra</strong></span> <span class='ocrx_word' id='word_1_23' title='bbox 868 679 973 730; x_wconf 84' lang='lat' dir='ltr'><strong>antem</strong></span> <span class='ocrx_word' id='word_1_24' title='bbox 999 670 1129 733; x_wconf 83' lang='lat' dir='ltr'><strong>consul..</strong></span> <span class='ocrx_word' id='word_1_25' title='bbox 1233 691 1237 704; x_wconf 62' lang='grc'><strong>’</strong></span> 
     </span>
    </p>
   </div>
   <div class='ocr_carea' id='block_1_4' title="bbox 109 763 1213 3934">
    <p class='ocr_par' dir='ltr' id='par_1_4' title="bbox 109 763 1213 3934">
     <span class='ocr_line' id='line_1_5' title="bbox 115 763 1122 856; baseline 0.012 -33"><span class='ocrx_word' id='word_1_26' title='bbox 115 763 189 838; x_wconf 88' lang='lat' dir='ltr'><strong>tari,</strong></span> <span class='ocrx_word' id='word_1_27' title='bbox 215 763 243 826; x_wconf 88' lang='lat' dir='ltr'><strong>si</strong></span> <span class='ocrx_word' id='word_1_28' title='bbox 263 773 380 826; x_wconf 87' lang='lat' dir='ltr'><strong>cuneta</strong></span> <span class='ocrx_word' id='word_1_29' title='bbox 394 764 578 828; x_wconf 85' lang='lat' dir='ltr'><strong>necessitate</strong></span> <span class='ocrx_word' id='word_1_30' title='bbox 593 764 806 846; x_wconf 88' lang='lat' dir='ltr'><strong>proveniant,</strong></span> <span class='ocrx_word' id='word_1_31' title='bbox 830 768 922 832; x_wconf 85' lang='lat' dir='ltr'><strong>facile</strong></span> <span class='ocrx_word' id='word_1_32' title='bbox 939 786 1122 856; x_wconf 82' lang='lat' dir='ltr'><strong>agnoscant,</strong></span> 
     </span>
     <span class='ocr_line' id='line_1_6' title="bbox 115 866 1126 948; baseline 0.01 -20"><span class='ocrx_word' id='word_1_33' title='bbox 115 866 168 948; x_wconf 80' lang='lat' dir='ltr'><strong>qui</strong></span> <span class='ocrx_word' id='word_1_34' title='bbox 183 887 290 938; x_wconf 80' lang='lat' dir='ltr'><strong>,usum</strong></span> <span class='ocrx_word' id='word_1_35' title='bbox 322 867 552 932; x_wconf 87' lang='lat' dir='ltr'><strong>consultatricis</strong></span> <span class='ocrx_word' id='word_1_36' title='bbox 585 868 742 932; x_wconf 79' lang='lat' dir='ltr'><strong>facultatis</strong></span> <span class='ocrx_word' id='word_1_37' title='bbox 772 873 932 935; x_wconf 80' lang='lat' dir='ltr'><strong>noverint.</strong></span> <span class='ocrx_word' id='word_1_38' title='bbox 990 873 1126 939; x_wconf 88' lang='lat' dir='ltr'><strong>Constat</strong></span> 
     </span>
     <span class='ocr_line' id='line_1_7' title="bbox 116 968 1131 1052; baseline 0.011 -21"><span class='ocrx_word' id='word_1_39' title='bbox 116 968 196 1031; x_wconf 77' lang='lat' dir='ltr'><strong>enbu</strong></span> <span class='ocrx_word' id='word_1_40' title='bbox 219 972 307 1052; x_wconf 87' lang='lat' dir='ltr'><strong>apud</strong></span> <span class='ocrx_word' id='word_1_41' title='bbox 330 989 440 1033; x_wconf 89' lang='lat' dir='ltr'><strong>omnes</strong></span> <span class='ocrx_word' id='word_1_42' title='bbox 461 993 557 1032; x_wconf 89' lang='lat' dir='ltr'><strong>unum</strong></span> <span class='ocrx_word' id='word_1_43' title='bbox 580 973 617 1032; x_wconf 91' lang='lat' dir='ltr'><strong>de</strong></span> <span class='ocrx_word' id='word_1_44' title='bbox 640 972 784 1036; x_wconf 91' lang='lat' dir='ltr'><strong>omuibus</strong></span> <span class='ocrx_word' id='word_1_45' title='bbox 800 973 1006 1039; x_wconf 86' lang='lat' dir='ltr'><strong>animantibus</strong></span> <span class='ocrx_word' id='word_1_46' title='bbox 1021 969 1131 1042; x_wconf 86' lang='lat' dir='ltr'><strong>homi··</strong></span> 
     </span>
     <span class='ocr_line' id='line_1_8' title="bbox 114 1069 1121 1162; baseline 0.008 -28"><span class='ocrx_word' id='word_1_47' title='bbox 114 1093 184 1135; x_wconf 87' lang='lat' dir='ltr'><strong>nem</strong></span> <span class='ocrx_word' id='word_1_48' title='bbox 206 1075 271 1136; x_wconf 89' lang='lat' dir='ltr'><strong>hoc</strong></span> <span class='ocrx_word' id='word_1_49' title='bbox 293 1073 413 1146; x_wconf 82' lang='lat' dir='ltr'><strong>habere</strong></span> <span class='ocrx_word' id='word_1_50' title='bbox 435 1073 494 1135; x_wconf 89' lang='lat' dir='ltr'><strong>sibi</strong></span> <span class='ocrx_word' id='word_1_51' title='bbox 519 1095 536 1135; x_wconf 91' lang='lat' dir='ltr'><strong>a</strong></span> <span class='ocrx_word' id='word_1_52' title='bbox 558 1085 669 1137; x_wconf 86' lang='lat' dir='ltr'><strong>natura</strong></span> <span class='ocrx_word' id='word_1_53' title='bbox 690 1075 912 1158; x_wconf 87' lang='lat' dir='ltr'><strong>praecipuum,</strong></span> <span class='ocrx_word' id='word_1_54' title='bbox 937 1069 1024 1160; x_wconf 83' lang='lat' dir='ltr'><strong>qued</strong></span> <span class='ocrx_word' id='word_1_55' title='bbox 1046 1101 1121 1162; x_wconf 89' lang='lat' dir='ltr'><strong>non,</strong></span> 
     </span>
     <span class='ocr_line' id='line_1_9' title="bbox 113 1175 1132 1253; baseline 0.005 -16"><span class='ocrx_word' id='word_1_56' title='bbox 113 1187 148 1238; x_wconf 89' lang='lat' dir='ltr'><strong>ut</strong></span> <span class='ocrx_word' id='word_1_57' title='bbox 170 1175 226 1238; x_wconf 88' lang='lat' dir='ltr'><strong>illa</strong></span> <span class='ocrx_word' id='word_1_58' title='bbox 247 1177 394 1238; x_wconf 81' lang='lat' dir='ltr'><strong>nahauu</strong></span> <span class='ocrx_word' id='word_1_59' title='bbox 416 1175 608 1253; x_wconf 87' lang='lat' dir='ltr'><strong>visionibus,</strong></span> <span class='ocrx_word' id='word_1_60' title='bbox 634 1179 690 1240; x_wconf 88' lang='lat' dir='ltr'><strong>sed</strong></span> <span class='ocrx_word' id='word_1_61' title='bbox 711 1180 826 1241; x_wconf 87' lang='lat' dir='ltr'><strong>habeat</strong></span> <span class='ocrx_word' id='word_1_62' title='bbox 839 1179 925 1244; x_wconf 87' lang='lat' dir='ltr'><strong>intra</strong></span> <span class='ocrx_word' id='word_1_63' title='bbox 941 1201 975 1243; x_wconf 89' lang='lat' dir='ltr'><strong>se</strong></span> <span class='ocrx_word' id='word_1_64' title='bbox 988 1180 1132 1246; x_wconf 89' lang='lat' dir='ltr'><strong>iudicem.</strong></span> 
     </span>
     <span class='ocr_line' id='line_1_10' title="bbox 114 1261 1123 1362; baseline 0.007 -22"><span class='ocrx_word' id='word_1_65' title='bbox 114 1277 323 1340; x_wconf 80' lang='lat' dir='ltr'><strong>accidentium</strong></span> <span class='ocrx_word' id='word_1_66' title='bbox 346 1278 522 1355; x_wconf 87' lang='lat' dir='ltr'><strong>visionum,</strong></span> <span class='ocrx_word' id='word_1_67' title='bbox 548 1301 586 1342; x_wconf 89' lang='lat' dir='ltr'><strong>an</strong></span> <span class='ocrx_word' id='word_1_68' title='bbox 609 1261 834 1362; x_wconf 84' lang='lat' dir='ltr'><strong>approbandae</strong></span> <span class='ocrx_word' id='word_1_69' title='bbox 857 1275 936 1359; x_wconf 87' lang='lat' dir='ltr'><strong>sint,</strong></span> <span class='ocrx_word' id='word_1_70' title='bbox 969 1284 1123 1349; x_wconf 86' lang='lat' dir='ltr'><strong>rationem</strong></span> 
     </span>
     <span class='ocr_line' id='line_1_11' title="bbox 114 1379 1130 1470; baseline 0.005 -29"><span class='ocrx_word' id='word_1_71' title='bbox 114 1379 254 1456; x_wconf 86' lang='lat' dir='ltr'><strong>scilicet,</strong></span> <span class='ocrx_word' id='word_1_72' title='bbox 280 1401 345 1464; x_wconf 89' lang='lat' dir='ltr'><strong>qua</strong></span> <span class='ocrx_word' id='word_1_73' title='bbox 367 1393 474 1458; x_wconf 89' lang='lat' dir='ltr'><strong>utens,</strong></span> <span class='ocrx_word' id='word_1_74' title='bbox 499 1382 526 1445; x_wconf 91' lang='lat' dir='ltr'><strong>si</strong></span> <span class='ocrx_word' id='word_1_75' title='bbox 548 1383 616 1446; x_wconf 87' lang='lat' dir='ltr'><strong>visa</strong></span> <span class='ocrx_word' id='word_1_76' title='bbox 645 1401 784 1465; x_wconf 85' lang='lat' dir='ltr'><strong>expensa</strong></span> <span class='ocrx_word' id='word_1_77' title='bbox 812 1385 886 1448; x_wconf 86' lang='lat' dir='ltr'><strong>talia</strong></span> <span class='ocrx_word' id='word_1_78' title='bbox 920 1385 981 1448; x_wconf 91' lang='lat' dir='ltr'><strong>sint</strong></span> <span class='ocrx_word' id='word_1_79' title='bbox 1017 1388 1130 1470; x_wconf 84' lang='lat' dir='ltr'><strong>qualia:</strong></span> 
     </span>
     <span class='ocr_line' id='line_1_12' title="bbox 113 1482 1130 1572; baseline 0.003 -27"><span class='ocrx_word' id='word_1_80' title='bbox 113 1482 204 1546; x_wconf 88' lang='lat' dir='ltr'><strong>initio</strong></span> <span class='ocrx_word' id='word_1_81' title='bbox 231 1486 446 1565; x_wconf 82' lang='lat' dir='ltr'><strong>putabantur,</strong></span> <span class='ocrx_word' id='word_1_82' title='bbox 485 1505 645 1548; x_wconf 87' lang='lat' dir='ltr'><strong>assensum</strong></span> <span class='ocrx_word' id='word_1_83' title='bbox 674 1487 717 1550; x_wconf 91' lang='lat' dir='ltr'><strong>eis</strong></span> <span class='ocrx_word' id='word_1_84' title='bbox 746 1490 895 1568; x_wconf 87' lang='lat' dir='ltr'><strong>praebet,</strong></span> <span class='ocrx_word' id='word_1_85' title='bbox 934 1501 965 1551; x_wconf 91' lang='lat' dir='ltr'><strong>et</strong></span> <span class='ocrx_word' id='word_1_86' title='bbox 998 1511 1130 1572; x_wconf 84' lang='lat' dir='ltr'><strong>assensa.</strong></span> 
     </span>
     <span class='ocr_line' id='line_1_13' title="bbox 112 1585 1123 1669; baseline 0.008 -21"><span class='ocrx_word' id='word_1_87' title='bbox 112 1585 270 1669; x_wconf 79' lang='lat' dir='ltr'><strong>seqltitur.</strong></span> <span class='ocrx_word' id='word_1_88' title='bbox 333 1586 430 1665; x_wconf 80' lang='lat' dir='ltr'><strong>Qttod</strong></span> <span class='ocrx_word' id='word_1_89' title='bbox 452 1587 479 1648; x_wconf 90' lang='lat' dir='ltr'><strong>si</strong></span> <span class='ocrx_word' id='word_1_90' title='bbox 500 1587 751 1651; x_wconf 82' lang='lat' dir='ltr'><strong>illa-iudicentur</strong></span> <span class='ocrx_word' id='word_1_91' title='bbox 780 1592 920 1666; x_wconf 86' lang='lat' dir='ltr'><strong>absona,</strong></span> <span class='ocrx_word' id='word_1_92' title='bbox 959 1603 1011 1656; x_wconf 90' lang='lat' dir='ltr'><strong>aut</strong></span> <span class='ocrx_word' id='word_1_93' title='bbox 1040 1592 1123 1656; x_wconf 84' lang='lat' dir='ltr'><strong>aliud</strong></span> 
     </span>
     <span class='ocr_line' id='line_1_14' title="bbox 113 1688 1124 1777; baseline 0.004 -25"><span class='ocrx_word' id='word_1_94' title='bbox 113 1689 188 1773; x_wconf 85' lang='lat' dir='ltr'><strong>quid</strong></span> <span class='ocrx_word' id='word_1_95' title='bbox 219 1688 383 1770; x_wconf 82' lang='lat' dir='ltr'><strong>praeferri</strong></span> <span class='ocrx_word' id='word_1_96' title='bbox 411 1689 557 1773; x_wconf 82' lang='lat' dir='ltr'><strong>dignius,</strong></span> <span class='ocrx_word' id='word_1_97' title='bbox 604 1691 637 1754; x_wconf 93' lang='lat' dir='ltr'><strong>id</strong></span> <span class='ocrx_word' id='word_1_98' title='bbox 668 1692 811 1773; x_wconf 81' lang='lat' dir='ltr'><strong>praefert</strong></span> <span class='ocrx_word' id='word_1_99' title='bbox 844 1693 1061 1777; x_wconf 83' lang='lat' dir='ltr'><strong>derelinquens</strong></span> <span class='ocrx_word' id='word_1_100' title='bbox 1091 1695 1124 1757; x_wconf 90' lang='lat' dir='ltr'><strong>id</strong></span> 
     </span>
     <span class='ocr_line' id='line_1_15' title="bbox 113 1791 1123 1874; baseline 0.004 -20"><span class='ocrx_word' id='word_1_101' title='bbox 113 1795 200 1874; x_wconf 82' lang='lat' dir='ltr'><strong>qttod</strong></span> <span class='ocrx_word' id='word_1_102' title='bbox 221 1795 261 1854; x_wconf 91' lang='lat' dir='ltr'><strong>ab</strong></span> <span class='ocrx_word' id='word_1_103' title='bbox 285 1791 388 1854; x_wconf 82' lang='lat' dir='ltr'><strong>initio&#39;</strong></span> <span class='ocrx_word' id='word_1_104' title='bbox 401 1792 542 1873; x_wconf 88' lang='lat' dir='ltr'><strong>optabile</strong></span> <span class='ocrx_word' id='word_1_105' title='bbox 563 1793 625 1874; x_wconf 89' lang='lat' dir='ltr'><strong>ipsi</strong></span> <span class='ocrx_word' id='word_1_106' title='bbox 654 1794 834 1874; x_wconf 81' lang='lat' dir='ltr'><strong>videbatur,</strong></span> <span class='ocrx_word' id='word_1_107' title='bbox 897 1797 949 1859; x_wconf 90' lang='lat' dir='ltr'><strong>Ob</strong></span> <span class='ocrx_word' id='word_1_108' title='bbox 972 1797 1004 1859; x_wconf 86' lang='lat' dir='ltr'><strong>id</strong></span> <span class='ocrx_word' id='word_1_109' title='bbox 1026 1798 1123 1858; x_wconf 89' lang='lat' dir='ltr'><strong>multa</strong></span> 
     </span>
     <span class='ocr_line' id='line_1_16' title="bbox 114 1893 1122 1978; baseline 0.003 -21"><span class='ocrx_word' id='word_1_110' title='bbox 114 1908 195 1978; x_wconf 84' lang='lat' dir='ltr'><strong>qttae</strong></span> <span class='ocrx_word' id='word_1_111' title='bbox 215 1917 255 1957; x_wconf 83' lang='lat' dir='ltr'><strong>ex</strong></span> <span class='ocrx_word' id='word_1_112' title='bbox 278 1893 392 1977; x_wconf 86' lang='lat' dir='ltr'><strong>primis</strong></span> <span class='ocrx_word' id='word_1_113' title='bbox 416 1894 490 1958; x_wconf 88' lang='lat' dir='ltr'><strong>visis</strong></span> <span class='ocrx_word' id='word_1_114' title='bbox 519 1896 612 1976; x_wconf 85' lang='lat' dir='ltr'><strong>nobis</strong></span> <span class='ocrx_word' id='word_1_115' title='bbox 640 1897 845 1977; x_wconf 85' lang='lat' dir='ltr'><strong>placuerant,</strong></span> <span class='ocrx_word' id='word_1_116' title='bbox 884 1919 947 1960; x_wconf 89' lang='lat' dir='ltr'><strong>non</strong></span> <span class='ocrx_word' id='word_1_117' title='bbox 982 1919 1122 1960; x_wconf 86' lang='lat' dir='ltr'><strong>mansere</strong></span> 
     </span>
     <span class='ocr_line' id='line_1_17' title="bbox 112 1996 1123 2082; baseline 0.004 -23"><span class='ocrx_word' id='word_1_118' title='bbox 112 1999 315 2080; x_wconf 88' lang='lat' dir='ltr'><strong>approbata,</strong></span> <span class='ocrx_word' id='word_1_119' title='bbox 352 1997 473 2061; x_wconf 88' lang='lat' dir='ltr'><strong>ratione</strong></span> <span class='ocrx_word' id='word_1_120' title='bbox 496 2019 533 2061; x_wconf 92' lang='lat' dir='ltr'><strong>ea</strong></span> <span class='ocrx_word' id='word_1_121' title='bbox 556 1996 726 2061; x_wconf 76' lang='lat' dir='ltr'><strong>refutante.</strong></span> <span class='ocrx_word' id='word_1_122' title='bbox 772 2001 816 2062; x_wconf 93' lang='lat' dir='ltr'><strong>Et</strong></span> <span class='ocrx_word' id='word_1_123' title='bbox 838 2021 917 2082; x_wconf 87' lang='lat' dir='ltr'><strong>quae</strong></span> <span class='ocrx_word' id='word_1_124' title='bbox 939 2001 1022 2063; x_wconf 81' lang='lat' dir='ltr'><strong>sacta</strong></span> <span class='ocrx_word' id='word_1_125' title='bbox 1043 2001 1123 2065; x_wconf 83' lang='lat' dir='ltr'><strong>fuis-</strong></span> 
     </span>
     <span class='ocr_line' id='line_1_18' title="bbox 111 2099 1122 2180; baseline 0.002 -16"><span class='ocrx_word' id='word_1_126' title='bbox 111 2113 202 2177; x_wconf 88' lang='lat' dir='ltr'><strong>sent,</strong></span> <span class='ocrx_word' id='word_1_127' title='bbox 227 2101 264 2164; x_wconf 91' lang='lat' dir='ltr'><strong>si&#39;</strong></span> <span class='ocrx_word' id='word_1_128' title='bbox 279 2099 431 2164; x_wconf 84' lang='lat' dir='ltr'><strong>valuisset</strong></span> <span class='ocrx_word' id='word_1_129' title='bbox 454 2100 513 2166; x_wconf 90' lang='lat' dir='ltr'><strong>visi</strong></span> <span class='ocrx_word' id='word_1_130' title='bbox 537 2101 730 2178; x_wconf 74' lang='lat' dir='ltr'><strong>auctoritas,</strong></span> <span class='ocrx_word' id='word_1_131' title='bbox 755 2102 840 2166; x_wconf 80' lang='lat' dir='ltr'><strong>iacta</strong></span> <span class='ocrx_word' id='word_1_132' title='bbox 855 2123 920 2167; x_wconf 90' lang='lat' dir='ltr'><strong>non</strong></span> <span class='ocrx_word' id='word_1_133' title='bbox 935 2113 1025 2180; x_wconf 90' lang='lat' dir='ltr'><strong>sunt,</strong></span> <span class='ocrx_word' id='word_1_134' title='bbox 1049 2101 1122 2168; x_wconf 87' lang='lat' dir='ltr'><strong>ideo</strong></span> 
     </span>
     <span class='ocr_line' id='line_1_19' title="bbox 111 2202 1128 2288; baseline 0.003 -22"><span class='ocrx_word' id='word_1_135' title='bbox 111 2207 261 2287; x_wconf 76' lang='lat' dir='ltr'><strong>quotide</strong></span> <span class='ocrx_word' id='word_1_136' title='bbox 283 2202 323 2266; x_wconf 88' lang='lat' dir='ltr'><strong>iis</strong></span> <span class='ocrx_word' id='word_1_137' title='bbox 346 2202 491 2272; x_wconf 69' lang='lat' dir='ltr'><strong>instituta¹</strong></span> <span class='ocrx_word' id='word_1_138' title='bbox 509 2203 569 2267; x_wconf 90' lang='lat' dir='ltr'><strong>suit</strong></span> <span class='ocrx_word' id='word_1_139' title='bbox 592 2205 806 2268; x_wconf 86' lang='lat' dir='ltr'><strong>consultatio:</strong></span> <span class='ocrx_word' id='word_1_140' title='bbox 830 2205 947 2288; x_wconf 90' lang='lat' dir='ltr'><strong>quippe</strong></span> <span class='ocrx_word' id='word_1_141' title='bbox 970 2228 1040 2268; x_wconf 90' lang='lat' dir='ltr'><strong>cum</strong></span> <span class='ocrx_word' id='word_1_142' title='bbox 1063 2229 1128 2269; x_wconf 84' lang='lat' dir='ltr'><strong>nos</strong></span> 
     </span>
     <span class='ocr_line' id='line_1_20' title="bbox 111 2301 1122 2372; baseline 0.004 -4"><span class='ocrx_word' id='word_1_143' title='bbox 111 2307 231 2370; x_wconf 91' lang='lat' dir='ltr'><strong>domini</strong></span> <span class='ocrx_word' id='word_1_144' title='bbox 263 2306 362 2370; x_wconf 90' lang='lat' dir='ltr'><strong>simus</strong></span> <span class='ocrx_word' id='word_1_145' title='bbox 392 2317 422 2368; x_wconf 91' lang='lat' dir='ltr'><strong>et</strong></span> <span class='ocrx_word' id='word_1_146' title='bbox 452 2307 649 2370; x_wconf 89' lang='lat' dir='ltr'><strong>consultandi</strong></span> <span class='ocrx_word' id='word_1_147' title='bbox 686 2319 718 2370; x_wconf 87' lang='lat' dir='ltr'><strong>et</strong></span> <span class='ocrx_word' id='word_1_148' title='bbox 750 2329 791 2370; x_wconf 85' lang='lat' dir='ltr'><strong>ex</strong></span> <span class='ocrx_word' id='word_1_149' title='bbox 828 2310 975 2372; x_wconf 90' lang='lat' dir='ltr'><strong>consulto</strong></span> <span class='ocrx_word' id='word_1_150' title='bbox 1004 2301 1122 2372; x_wconf 70' lang='lat' dir='ltr'><strong>faciem</strong></span> 
     </span>
     <span class='ocr_line' id='line_1_21' title="bbox 110 2410 1120 2492; baseline 0 -18"><span class='ocrx_word' id='word_1_151' title='bbox 110 2412 140 2474; x_wconf 84' lang='lat' dir='ltr'><strong>di</strong></span> <span class='ocrx_word' id='word_1_152' title='bbox 162 2411 308 2474; x_wconf 86' lang='lat' dir='ltr'><strong>dilectus.</strong></span> <span class='ocrx_word' id='word_1_153' title='bbox 354 2410 528 2472; x_wconf 85' lang='lat' dir='ltr'><strong>Praeterea</strong></span> <span class='ocrx_word' id='word_1_154' title='bbox 549 2431 650 2492; x_wconf 81' lang='lat' dir='ltr'><strong>neque</strong></span> <span class='ocrx_word' id='word_1_155' title='bbox 674 2414 711 2472; x_wconf 89' lang='lat' dir='ltr'><strong>de</strong></span> <span class='ocrx_word' id='word_1_156' title='bbox 734 2410 867 2474; x_wconf 89' lang='lat' dir='ltr'><strong>aeternis</strong></span> <span class='ocrx_word' id='word_1_157' title='bbox 890 2410 1053 2474; x_wconf 88' lang='lat' dir='ltr'><strong>eonsilium</strong></span> <span class='ocrx_word' id='word_1_158' title='bbox 1067 2434 1120 2474; x_wconf 92' lang='lat' dir='ltr'><strong>ca-</strong></span> 
     </span>
     <span class='ocr_line' id='line_1_22' title="bbox 109 2511 1118 2596; baseline 0.001 -20"><span class='ocrx_word' id='word_1_159' title='bbox 109 2515 228 2596; x_wconf 82' lang='lat' dir='ltr'><strong>pimus,</strong></span> <span class='ocrx_word' id='word_1_160' title='bbox 254 2533 359 2594; x_wconf 88' lang='lat' dir='ltr'><strong>neque</strong></span> <span class='ocrx_word' id='word_1_161' title='bbox 371 2514 409 2573; x_wconf 89' lang='lat' dir='ltr'><strong>de</strong></span> <span class='ocrx_word' id='word_1_162' title='bbox 431 2511 468 2574; x_wconf 92' lang='lat' dir='ltr'><strong>iis</strong></span> <span class='ocrx_word' id='word_1_163' title='bbox 491 2533 571 2593; x_wconf 88' lang='lat' dir='ltr'><strong>quae</strong></span> <span class='ocrx_word' id='word_1_164' title='bbox 594 2511 738 2575; x_wconf 82' lang='lat' dir='ltr'><strong>constabt</strong></span> <span class='ocrx_word' id='word_1_165' title='bbox 760 2513 830 2575; x_wconf 91' lang='lat' dir='ltr'><strong>fieri</strong></span> <span class='ocrx_word' id='word_1_166' title='bbox 852 2535 893 2574; x_wconf 90' lang='lat' dir='ltr'><strong>ex</strong></span> <span class='ocrx_word' id='word_1_167' title='bbox 915 2513 1118 2577; x_wconf 83' lang='lat' dir='ltr'><strong>necessitate:</strong></span> 
     </span>
     <span class='ocr_line' id='line_1_23' title="bbox 111 2607 1119 2700; baseline 0.001 -22"><span class='ocrx_word' id='word_1_168' title='bbox 111 2607 183 2700; x_wconf 67' lang='lat' dir='ltr'><strong>uitia</strong></span> <span class='ocrx_word' id='word_1_169' title='bbox 205 2617 283 2680; x_wconf 87' lang='lat' dir='ltr'><strong>nihil</strong></span> <span class='ocrx_word' id='word_1_170' title='bbox 306 2618 345 2678; x_wconf 92' lang='lat' dir='ltr'><strong>de</strong></span> <span class='ocrx_word' id='word_1_171' title='bbox 369 2613 413 2678; x_wconf 87' lang='lat' dir='ltr'><strong>eis</strong></span> <span class='ocrx_word' id='word_1_172' title='bbox 436 2616 644 2678; x_wconf 88' lang='lat' dir='ltr'><strong>consultando</strong></span> <span class='ocrx_word' id='word_1_173' title='bbox 677 2616 818 2680; x_wconf 88' lang='lat' dir='ltr'><strong>eveniret</strong></span> <span class='ocrx_word' id='word_1_174' title='bbox 840 2616 1010 2680; x_wconf 88' lang='lat' dir='ltr'><strong>commodi.</strong></span> <span class='ocrx_word' id='word_1_175' title='bbox 1056 2616 1119 2679; x_wconf 85' lang='lat' dir='ltr'><strong>Sed</strong></span> 
     </span>
     <span class='ocr_line' id='line_1_24' title="bbox 114 2718 1119 2804; baseline 0 -22"><span class='ocrx_word' id='word_1_176' title='bbox 114 2741 216 2804; x_wconf 74' lang='lat' dir='ltr'><strong>nequae</strong></span> <span class='ocrx_word' id='word_1_177' title='bbox 238 2723 278 2782; x_wconf 82' lang='lat' dir='ltr'><strong>‹le</strong></span> <span class='ocrx_word' id='word_1_178' title='bbox 300 2718 346 2781; x_wconf 84' lang='lat' dir='ltr'><strong>eis</strong></span> <span class='ocrx_word' id='word_1_179' title='bbox 369 2719 604 2794; x_wconf 86' lang='lat' dir='ltr'><strong>consultamus,</strong></span> <span class='ocrx_word' id='word_1_180' title='bbox 630 2740 711 2801; x_wconf 83' lang='lat' dir='ltr'><strong>qttae</strong></span> <span class='ocrx_word' id='word_1_181' title='bbox 733 2740 774 2781; x_wconf 86' lang='lat' dir='ltr'><strong>ox</strong></span> <span class='ocrx_word' id='word_1_182' title='bbox 796 2718 979 2782; x_wconf 87' lang='lat' dir='ltr'><strong>necessitate</strong></span> <span class='ocrx_word' id='word_1_183' title='bbox 995 2718 1119 2802; x_wconf 87' lang='lat' dir='ltr'><strong>quidem</strong></span> 
     </span>
     <span class='ocr_line' id='line_1_25' title="bbox 112 2820 1118 2904; baseline -0.002 -18"><span class='ocrx_word' id='word_1_184' title='bbox 112 2845 174 2886; x_wconf 87' lang='lat' dir='ltr'><strong>nou</strong></span> <span class='ocrx_word' id='word_1_185' title='bbox 190 2824 284 2900; x_wconf 87' lang='lat' dir='ltr'><strong>fiunt,</strong></span> <span class='ocrx_word' id='word_1_186' title='bbox 304 2824 360 2885; x_wconf 89' lang='lat' dir='ltr'><strong>sed</strong></span> <span class='ocrx_word' id='word_1_187' title='bbox 372 2821 494 2904; x_wconf 90' lang='lat' dir='ltr'><strong>quaein</strong></span> <span class='ocrx_word' id='word_1_188' title='bbox 510 2821 643 2884; x_wconf 87' lang='lat' dir='ltr'><strong>aliorum</strong></span> <span class='ocrx_word' id='word_1_189' title='bbox 658 2833 730 2882; x_wconf 81' lang='lat' dir='ltr'><strong>sttut</strong></span> <span class='ocrx_word' id='word_1_190' title='bbox 741 2831 911 2902; x_wconf 88' lang='lat' dir='ltr'><strong>potestate,</strong></span> <span class='ocrx_word' id='word_1_191' title='bbox 937 2820 1010 2903; x_wconf 78' lang='lat' dir='ltr'><strong>qtria</strong></span> <span class='ocrx_word' id='word_1_192' title='bbox 1024 2843 1063 2884; x_wconf 87' lang='lat' dir='ltr'><strong>ue</strong></span> <span class='ocrx_word' id='word_1_193' title='bbox 1077 2843 1118 2884; x_wconf 86' lang='lat' dir='ltr'><strong>ex</strong></span> 
     </span>
     <span class='ocr_line' id='line_1_26' title="bbox 111 2917 1213 3010; baseline -0.002 -22"><span class='ocrx_word' id='word_1_194' title='bbox 111 2927 163 2990; x_wconf 81' lang='lat' dir='ltr'><strong>uti</strong></span> <span class='ocrx_word' id='word_1_195' title='bbox 179 2927 306 3010; x_wconf 83' lang='lat' dir='ltr'><strong>quidem</strong></span> <span class='ocrx_word' id='word_1_196' title='bbox 323 2924 555 2989; x_wconf 86' lang='lat' dir='ltr'><strong>consultatione</strong></span> <span class='ocrx_word' id='word_1_197' title='bbox 581 2917 702 2984; x_wconf 79' lang='lat' dir='ltr'><strong>ullaml</strong></span> <span class='ocrx_word' id='word_1_198' title='bbox 717 2945 782 2986; x_wconf 87' lang='lat' dir='ltr'><strong>mos</strong></span> <span class='ocrx_word' id='word_1_199' title='bbox 804 2921 919 2986; x_wconf 89' lang='lat' dir='ltr'><strong>utilitas</strong></span> <span class='ocrx_word' id='word_1_200' title='bbox 942 2927 1117 2988; x_wconf 87' lang='lat' dir='ltr'><strong>redundare</strong></span> <span class='ocrx_word' id='word_1_201' title='bbox 1211 2971 1213 2974; x_wconf 86' lang='lat'>-</span> 
     </span>
     <span class='ocr_line' id='line_1_27' title="bbox 112 3023 1118 3112; baseline -0.005 -21"><span class='ocrx_word' id='word_1_202' title='bbox 112 3043 230 3112; x_wconf 87' lang='lat' dir='ltr'><strong>posset.</strong></span> <span class='ocrx_word' id='word_1_203' title='bbox 247 3031 421 3093; x_wconf 86' lang='lat' dir='ltr'><strong>Praeterea</strong></span> <span class='ocrx_word' id='word_1_204' title='bbox 433 3027 587 3090; x_wconf 88' lang='lat' dir='ltr'><strong>necdeeis</strong></span> <span class='ocrx_word' id='word_1_205' title='bbox 600 3027 823 3103; x_wconf 87' lang='lat' dir='ltr'><strong>consultamus,</strong></span> <span class='ocrx_word' id='word_1_206' title='bbox 842 3049 922 3109; x_wconf 68' lang='lat' dir='ltr'><strong>qliae</strong></span> <span class='ocrx_word' id='word_1_207' title='bbox 935 3026 1051 3090; x_wconf 87' lang='lat' dir='ltr'><strong>anobis</strong></span> <span class='ocrx_word' id='word_1_208' title='bbox 1065 3023 1118 3110; x_wconf 82' lang='lat' dir='ltr'><strong>agi</strong></span> 
     </span>
     <span class='ocr_line' id='line_1_28' title="bbox 113 3129 1116 3214; baseline -0.002 -20"><span class='ocrx_word' id='word_1_209' title='bbox 113 3143 299 3214; x_wconf 89' lang='lat' dir='ltr'><strong>potuerant,</strong></span> <span class='ocrx_word' id='word_1_210' title='bbox 331 3134 392 3206; x_wconf 56' lang='lat' dir='ltr'><strong>‚sed</strong></span> <span class='ocrx_word' id='word_1_211' title='bbox 414 3151 550 3213; x_wconf 90' lang='lat' dir='ltr'><strong>quorum</strong></span> <span class='ocrx_word' id='word_1_212' title='bbox 573 3142 695 3209; x_wconf 91' lang='lat' dir='ltr'><strong>tempus</strong></span> <span class='ocrx_word' id='word_1_213' title='bbox 717 3130 856 3210; x_wconf 88' lang='lat' dir='ltr'><strong>elapsum</strong></span> <span class='ocrx_word' id='word_1_214' title='bbox 880 3142 944 3204; x_wconf 86' lang='lat' dir='ltr'><strong>est,</strong></span> <span class='ocrx_word' id='word_1_215' title='bbox 983 3129 1116 3210; x_wconf 81' lang='lat' dir='ltr'><strong>quisue</strong></span> 
     </span>
     <span class='ocr_line' id='line_1_29' title="bbox 114 3231 1117 3320; baseline -0.004 -22"><span class='ocrx_word' id='word_1_216' title='bbox 114 3257 133 3298; x_wconf 86' lang='lat' dir='ltr'><strong>e</strong></span> <span class='ocrx_word' id='word_1_217' title='bbox 153 3235 206 3298; x_wconf 87' lang='lat' dir='ltr'><strong>tali</strong></span> <span class='ocrx_word' id='word_1_218' title='bbox 227 3236 355 3320; x_wconf 85' lang='lat' dir='ltr'><strong>quidem</strong></span> <span class='ocrx_word' id='word_1_219' title='bbox 378 3233 510 3298; x_wconf 89' lang='lat' dir='ltr'><strong>consilio</strong></span> <span class='ocrx_word' id='word_1_220' title='bbox 534 3231 651 3314; x_wconf 87' lang='lat' dir='ltr'><strong>aliquid</strong></span> <span class='ocrx_word' id='word_1_221' title='bbox 673 3233 764 3295; x_wconf 91' lang='lat' dir='ltr'><strong>nobis</strong></span> <span class='ocrx_word' id='word_1_222' title='bbox 788 3231 988 3297; x_wconf 88' lang='lat' dir='ltr'><strong>emolumenti</strong></span> <span class='ocrx_word' id='word_1_223' title='bbox 1007 3245 1117 3311; x_wconf 87' lang='lat' dir='ltr'><strong>posset</strong></span> 
     </span>
     <span class='ocr_line' id='line_1_30' title="bbox 112 3333 1115 3416; baseline -0.008 -12"><span class='ocrx_word' id='word_1_224' title='bbox 112 3340 277 3405; x_wconf 82' lang='lat' dir='ltr'><strong>obvenire.</strong></span> <span class='ocrx_word' id='word_1_225' title='bbox 324 3336 548 3401; x_wconf 87' lang='lat' dir='ltr'><strong>Consultamus</strong></span> <span class='ocrx_word' id='word_1_226' title='bbox 571 3349 674 3398; x_wconf 89' lang='lat' dir='ltr'><strong>autem</strong></span> <span class='ocrx_word' id='word_1_227' title='bbox 697 3348 816 3398; x_wconf 87' lang='lat' dir='ltr'><strong>tantum</strong></span> <span class='ocrx_word' id='word_1_228' title='bbox 840 3337 877 3396; x_wconf 77' lang='lat' dir='ltr'><strong>tle</strong></span> <span class='ocrx_word' id='word_1_229' title='bbox 900 3334 937 3396; x_wconf 89' lang='lat' dir='ltr'><strong>iis</strong></span> <span class='ocrx_word' id='word_1_230' title='bbox 954 3355 1035 3416; x_wconf 88' lang='lat' dir='ltr'><strong>quac</strong></span> <span class='ocrx_word' id='word_1_231' title='bbox 1057 3333 1115 3396; x_wconf 89' lang='lat' dir='ltr'><strong>im-</strong></span> 
     </span>
     <span class='ocr_line' id='line_1_31' title="bbox 111 3438 1121 3524; baseline -0.013 -17"><span class='ocrx_word' id='word_1_232' title='bbox 111 3443 225 3506; x_wconf 86' lang='lat' dir='ltr'><strong>minent</strong></span> <span class='ocrx_word' id='word_1_233' title='bbox 249 3440 407 3523; x_wconf 88' lang='lat' dir='ltr'><strong>nobisque</strong></span> <span class='ocrx_word' id='word_1_234' title='bbox 436 3442 558 3524; x_wconf 82' lang='lat' dir='ltr'><strong>agenda</strong></span> <span class='ocrx_word' id='word_1_235' title='bbox 588 3451 678 3502; x_wconf 88' lang='lat' dir='ltr'><strong>suut:</strong></span> <span class='ocrx_word' id='word_1_236' title='bbox 707 3438 860 3504; x_wconf 69' lang='lat' dir='ltr'><strong>⁴nimirum</strong></span> <span class='ocrx_word' id='word_1_237' title='bbox 891 3439 977 3518; x_wconf 82' lang='lat' dir='ltr'><strong>qvtod</strong></span> <span class='ocrx_word' id='word_1_238' title='bbox 1010 3439 1047 3500; x_wconf 80' lang='lat' dir='ltr'><strong>(le</strong></span> <span class='ocrx_word' id='word_1_239' title='bbox 1077 3438 1121 3501; x_wconf 88' lang='lat' dir='ltr'><strong>iis.</strong></span> 
     </span>
     <span class='ocr_line' id='line_1_32' title="bbox 112 3541 1114 3622; baseline -0.007 -12"><span class='ocrx_word' id='word_1_240' title='bbox 112 3545 304 3610; x_wconf 86' lang='lat' dir='ltr'><strong>consultatio</strong></span> <span class='ocrx_word' id='word_1_241' title='bbox 328 3547 368 3605; x_wconf 89' lang='lat' dir='ltr'><strong>ad</strong></span> <span class='ocrx_word' id='word_1_242' title='bbox 389 3543 554 3606; x_wconf 82' lang='lat' dir='ltr'><strong>dilectuum</strong></span> <span class='ocrx_word' id='word_1_243' title='bbox 578 3542 810 3606; x_wconf 82' lang='lat' dir='ltr'><strong>exsecutionem</strong></span> <span class='ocrx_word' id='word_1_244' title='bbox 840 3541 992 3622; x_wconf 77' lang='lat' dir='ltr'><strong>prodesse</strong></span> <span class='ocrx_word' id='word_1_245' title='bbox 1021 3541 1114 3604; x_wconf 87' lang='lat' dir='ltr'><strong>nobis</strong></span> 
     </span>
     <span class='ocr_line' id='line_1_33' title="bbox 110 3643 1113 3732; baseline -0.01 -18"><span class='ocrx_word' id='word_1_246' title='bbox 110 3651 223 3732; x_wconf 88' lang='lat' dir='ltr'><strong>possit.</strong></span> <span class='ocrx_word' id='word_1_247' title='bbox 269 3651 355 3711; x_wconf 81' lang='lat' dir='ltr'><strong>Nam</strong></span> <span class='ocrx_word' id='word_1_248' title='bbox 384 3645 410 3708; x_wconf 89' lang='lat' dir='ltr'><strong>si</strong></span> <span class='ocrx_word' id='word_1_249' title='bbox 439 3645 470 3710; x_wconf 93' lang='lat' dir='ltr'><strong>in</strong></span> <span class='ocrx_word' id='word_1_250' title='bbox 500 3645 612 3728; x_wconf 89' lang='lat' dir='ltr'><strong>quibus</strong></span> <span class='ocrx_word' id='word_1_251' title='bbox 635 3668 675 3708; x_wconf 90' lang='lat' dir='ltr'><strong>cx</strong></span> <span class='ocrx_word' id='word_1_252' title='bbox 697 3646 765 3708; x_wconf 87' lang='lat' dir='ltr'><strong>sola</strong></span> <span class='ocrx_word' id='word_1_253' title='bbox 787 3643 1015 3720; x_wconf 85' lang='lat' dir='ltr'><strong>consultatione</strong></span> <span class='ocrx_word' id='word_1_254' title='bbox 1037 3643 1113 3705; x_wconf 88' lang='lat' dir='ltr'><strong>nihil</strong></span> 
     </span>
     <span class='ocr_line' id='line_1_34' title="bbox 110 3745 1109 3838; baseline -0.006 -24"><span class='ocrx_word' id='word_1_255' title='bbox 110 3753 233 3838; x_wconf 76' lang='lat' dir='ltr'><strong>assevpti</strong></span> <span class='ocrx_word' id='word_1_256' title='bbox 255 3771 445 3836; x_wconf 89' lang='lat' dir='ltr'><strong>possumus,</strong></span> <span class='ocrx_word' id='word_1_257' title='bbox 477 3769 541 3812; x_wconf 87' lang='lat' dir='ltr'><strong>nou</strong></span> <span class='ocrx_word' id='word_1_258' title='bbox 564 3749 775 3812; x_wconf 86' lang='lat' dir='ltr'><strong>consultamus</strong></span> <span class='ocrx_word' id='word_1_259' title='bbox 789 3765 820 3822; x_wconf 77' lang='grc'><strong>,’·</strong></span> <span class='ocrx_word' id='word_1_260' title='bbox 834 3745 1019 3829; x_wconf 88' lang='lat' dir='ltr'><strong>sequitur</strong></span> <span class='ocrx_word' id='word_1_261' title='bbox 1041 3761 1109 3808; x_wconf 68' lang='lat' dir='ltr'><strong>not¹</strong></span> 
     </span>
     <span class='ocr_line' id='line_1_35' title="bbox 109 3849 1112 3934; baseline -0.012 -16"><span class='ocrx_word' id='word_1_262' title='bbox 109 3861 153 3918; x_wconf 86' lang='lat' dir='ltr'><strong>dc</strong></span> <span class='ocrx_word' id='word_1_263' title='bbox 174 3858 223 3922; x_wconf 87' lang='lat' dir='ltr'><strong>iis</strong></span> <span class='ocrx_word' id='word_1_264' title='bbox 247 3867 402 3920; x_wconf 87' lang='lat' dir='ltr'><strong>tantum</strong></span> <span class='ocrx_word' id='word_1_265' title='bbox 426 3853 681 3926; x_wconf 87' lang='lat' dir='ltr'><strong>consultare,</strong></span> <span class='ocrx_word' id='word_1_266' title='bbox 716 3853 758 3912; x_wconf 85' lang='lat' dir='ltr'><strong>do</strong></span> <span class='ocrx_word' id='word_1_267' title='bbox 782 3849 925 3934; x_wconf 86' lang='lat' dir='ltr'><strong>quibus</strong></span> <span class='ocrx_word' id='word_1_268' title='bbox 949 3849 1112 3914; x_wconf 77' lang='lat' dir='ltr'><strong>consul.</strong></span> 
     </span>
    </p>
   </div>
   <div class='ocr_carea' id='block_1_5' title="bbox 0 0 1352 4508">
    <p class='ocr_par' dir='ltr' id='par_1_5' title="bbox 0 0 1352 4508">
     <span class='ocr_line' id='line_1_36' title="bbox 0 0 1352 4508; baseline 0 2"><span class='ocrx_word' id='word_1_269' title='bbox 0 0 1352 4508; x_wconf 95' lang='lat' dir='ltr'><strong> </strong></span> 
     </span>
    </p>
   </div>
  </div>
 </body>
</html>
