<?xml version="1.0" encoding="UTF-8"?>
<!DOCTYPE html PUBLIC "-//W3C//DTD XHTML 1.0 Transitional//EN"
    "http://www.w3.org/TR/xhtml1/DTD/xhtml1-transitional.dtd">
<html xmlns="http://www.w3.org/1999/xhtml" xml:lang="en" lang="en">
 <head>
  <title>
</title>
<meta http-equiv="Content-Type" content="text/html;charset=utf-8" />
  <meta name='ocr-system' content='tesseract 3.04.00' />
  <meta name='ocr-capabilities' content='ocr_page ocr_carea ocr_par ocr_line ocrx_word'/>
</head>
<body>
  <div class='ocr_page' id='page_1' title='image "./alexandriaprodi00alexgoog_0145.png"; bbox 0 0 2748 4514; ppageno 0'>
   <div class='ocr_carea' id='block_1_1' title="bbox 206 271 265 354">
    <p class='ocr_par' dir='ltr' id='par_1_1' title="bbox 206 271 265 354">
     <span class='ocr_line' id='line_1_1' title="bbox 206 271 265 354; baseline 0 -22"><span class='ocrx_word' id='word_1_1' title='bbox 206 271 265 354; x_wconf 82' lang='grc' dir='ltr'><em>ινε</em></span> 
     </span>
    </p>
   </div>
   <div class='ocr_carea' id='block_1_2' title="bbox 202 429 1210 860">
    <p class='ocr_par' dir='ltr' id='par_1_2' title="bbox 202 429 1210 834">
     <span class='ocr_line' id='line_1_2' title="bbox 203 429 1208 558; baseline -0.008 -53"><span class='ocrx_word' id='word_1_2' title='bbox 203 435 421 558; x_wconf 82' lang='grc' dir='ltr'><em>συμβεβηκός·</em></span> <span class='ocrx_word' id='word_1_3' title='bbox 444 439 492 504; x_wconf 81' lang='grc' dir='ltr'><em>ἔτι</em></span> <span class='ocrx_word' id='word_1_4' title='bbox 512 435 575 528; x_wconf 75' lang='grc' dir='ltr'><em>γάρ</em></span> <span class='ocrx_word' id='word_1_5' title='bbox 598 435 684 514; x_wconf 84' lang='grc' dir='ltr'><em>κατά</em></span> <span class='ocrx_word' id='word_1_6' title='bbox 706 430 949 524; x_wconf 81' lang='grc' dir='ltr'><em>σνμβοβηκὸς’</em></span> <span class='ocrx_word' id='word_1_7' title='bbox 933 461 951 499; x_wconf 95' lang='grc' dir='ltr'><em>ο</em></span> <span class='ocrx_word' id='word_1_8' title='bbox 974 429 1089 524; x_wconf 80' lang='grc' dir='ltr'><em>ἰατρὸς</em></span> <span class='ocrx_word' id='word_1_9' title='bbox 1110 455 1208 512; x_wconf 78' lang='grc' dir='ltr'><em>ποιη-</em></span> 
     </span>
     <span class='ocr_line' id='line_1_3' title="bbox 203 531 1207 662; baseline -0.008 -54"><span class='ocrx_word' id='word_1_10' title='bbox 203 540 293 608; x_wconf 84' lang='grc' dir='ltr'><em>τικόν</em></span> <span class='ocrx_word' id='word_1_11' title='bbox 325 536 518 662; x_wconf 80' lang='grc' dir='ltr'><em>ἰσχνότητος</em></span> <span class='ocrx_word' id='word_1_12' title='bbox 546 544 625 632; x_wconf 80' lang='grc' dir='ltr'><em>φέρε</em></span> <span class='ocrx_word' id='word_1_13' title='bbox 642 541 763 606; x_wconf 82' lang='grc' dir='ltr'><em>εἰπεῖν·1</em></span> <span class='ocrx_word' id='word_1_14' title='bbox 778 543 822 619; x_wconf 82' lang='lat'><em>¹⁰)</em></span> <span class='ocrx_word' id='word_1_15' title='bbox 856 536 897 604; x_wconf 86' lang='grc' dir='ltr'><em>άν</em></span> <span class='ocrx_word' id='word_1_16' title='bbox 928 537 974 628; x_wconf 77' lang='grc' dir='ltr'><em>τῷ</em></span> <span class='ocrx_word' id='word_1_17' title='bbox 1005 531 1207 659; x_wconf 76' lang='grc' dir='ltr'><em>ύχιαζόμενιρ</em></span> 
     </span>
     <span class='ocr_line' id='line_1_4' title="bbox 202 629 1209 737; baseline -0.009 -25"><span class='ocrx_word' id='word_1_18' title='bbox 202 631 299 712; x_wconf 80' lang='grc' dir='ltr'><em>τοῦτο</em></span> <span class='ocrx_word' id='word_1_19' title='bbox 321 672 340 737; x_wconf 81' lang='grc' dir='ltr'><em>η</em></span> <span class='ocrx_word' id='word_1_20' title='bbox 325 629 577 762; x_wconf 74' lang='grc' dir='ltr'><em>συμβεβηκός.</em></span> <span class='ocrx_word' id='word_1_21' title='bbox 617 637 704 709; x_wconf 78' lang='grc' dir='ltr'><em>Ἐπεὶ</em></span> <span class='ocrx_word' id='word_1_22' title='bbox 725 642 834 708; x_wconf 80' lang='grc' dir='ltr'><strong><em>τοίνυν</em></strong></span> <span class='ocrx_word' id='word_1_23' title='bbox 856 642 924 706; x_wconf 82' lang='grc' dir='ltr'><em>ἐστὶ</em></span> <span class='ocrx_word' id='word_1_24' title='bbox 947 641 1008 706; x_wconf 82' lang='grc' dir='ltr'><em>τάν</em></span> <span class='ocrx_word' id='word_1_25' title='bbox 1029 635 1144 706; x_wconf 79' lang='grc' dir='ltr'><em>άιτίιον</em></span> <span class='ocrx_word' id='word_1_26' title='bbox 1166 641 1209 704; x_wconf 81' lang='grc' dir='ltr'><em>τά</em></span> 
     </span>
     <span class='ocr_line' id='line_1_5' title="bbox 202 739 1210 860; baseline -0.006 -48"><span class='ocrx_word' id='word_1_27' title='bbox 202 755 276 834; x_wconf 81' lang='grc' dir='ltr'><em>μέν</em></span> <span class='ocrx_word' id='word_1_28' title='bbox 283 742 408 813; x_wconf 71' lang='grc' dir='ltr'><em>καθ’</em></span> <span class='ocrx_word' id='word_1_29' title='bbox 390 743 492 828; x_wconf 86' lang='grc' dir='ltr'><em>αυτά,</em></span> <span class='ocrx_word' id='word_1_30' title='bbox 521 741 619 812; x_wconf 76' lang='lat'><em>6636</em></span> <span class='ocrx_word' id='word_1_31' title='bbox 605 741 727 811; x_wconf 81' lang='grc' dir='ltr'><em>ὲκατά</em></span> <span class='ocrx_word' id='word_1_32' title='bbox 749 739 969 830; x_wconf 87' lang='grc' dir='ltr'><em>συμβεβηκὸς,</em></span> <span class='ocrx_word' id='word_1_33' title='bbox 1007 748 1062 860; x_wconf 82' lang='grc' dir='ltr'><em>καὶ</em></span> <span class='ocrx_word' id='word_1_34' title='bbox 1084 745 1210 820; x_wconf 75' lang='grc' dir='ltr'><em>ἐντοῖς</em></span> 
     </span>
    </p>
   </div>
   <div class='ocr_carea' id='block_1_3' title="bbox 205 869 1247 3932">
    <p class='ocr_par' dir='ltr' id='par_1_3' title="bbox 205 869 1212 1039">
     <span class='ocr_line' id='line_1_6' title="bbox 205 869 1212 1039; baseline -0.005 -22"><span class='ocrx_word' id='word_1_35' title='bbox 205 954 237 1018; x_wconf 82' lang='grc' dir='ltr'><em>έν</em></span> <span class='ocrx_word' id='word_1_36' title='bbox 259 957 327 1030; x_wconf 83' lang='grc' dir='ltr'><em>τοῖς</em></span> <span class='ocrx_word' id='word_1_37' title='bbox 356 949 443 1018; x_wconf 91' lang='grc' dir='ltr'><em>κατά</em></span> <span class='ocrx_word' id='word_1_38' title='bbox 463 889 709 1039; x_wconf 67' lang='grc' dir='ltr'><em>συμβεβηκὸς</em></span> <span class='ocrx_word' id='word_1_39' title='bbox 688 974 728 1017; x_wconf 92' lang='grc' dir='ltr'><em>αν</em></span> <span class='ocrx_word' id='word_1_40' title='bbox 751 951 811 1030; x_wconf 82' lang='lat'><em>666·</em></span> <span class='ocrx_word' id='word_1_41' title='bbox 845 945 887 1014; x_wconf 89' lang='grc' dir='ltr'><em>τά</em></span> <span class='ocrx_word' id='word_1_42' title='bbox 906 955 966 1036; x_wconf 81' lang='grc' dir='ltr'><em>μὲν</em></span> <span class='ocrx_word' id='word_1_43' title='bbox 987 869 1062 1037; x_wconf 72' lang='lat'><em>766</em></span> <span class='ocrx_word' id='word_1_44' title='bbox 1074 923 1212 1037; x_wconf 79' lang='grc' dir='ltr'><em>ὧρισμέ-</em></span> 
     </span>
    </p>

    <p class='ocr_par' dir='ltr' id='par_1_4' title="bbox 205 1041 1215 2275">
     <span class='ocr_line' id='line_1_7' title="bbox 206 1041 1212 1176; baseline -0.01 -52"><span class='ocrx_word' id='word_1_45' title='bbox 206 1081 248 1124; x_wconf 88' lang='grc' dir='ltr'><em>να</em></span> <span class='ocrx_word' id='word_1_46' title='bbox 270 1051 308 1122; x_wconf 87' lang='grc' dir='ltr'><em>ού</em></span> <span class='ocrx_word' id='word_1_47' title='bbox 331 1051 417 1122; x_wconf 88' lang='grc' dir='ltr'><em>κατά</em></span> <span class='ocrx_word' id='word_1_48' title='bbox 439 1049 680 1176; x_wconf 80' lang='grc' dir='ltr'><em>συμβεβηκὸς’</em></span> <span class='ocrx_word' id='word_1_49' title='bbox 658 1078 699 1120; x_wconf 94' lang='grc' dir='ltr'><em>αν</em></span> <span class='ocrx_word' id='word_1_50' title='bbox 713 1054 759 1134; x_wconf 84' lang='lat'><em>666</em></span> <span class='ocrx_word' id='word_1_51' title='bbox 768 1041 889 1122; x_wconf 79' lang='grc' dir='ltr'><em>’τὰδὲ</em></span> <span class='ocrx_word' id='word_1_52' title='bbox 875 1059 990 1116; x_wconf 80' lang='grc' dir='ltr'><em>ὲκατα</em></span> <span class='ocrx_word' id='word_1_53' title='bbox 976 1047 1212 1172; x_wconf 85' lang='grc' dir='ltr'><em>συμβεβηκὸς</em></span> 
     </span>
     <span class='ocr_line' id='line_1_8' title="bbox 207 1147 1211 1275; baseline -0.006 -51"><span class='ocrx_word' id='word_1_54' title='bbox 207 1153 347 1248; x_wconf 90' lang='grc' dir='ltr'><em>άὸριστα</em></span> <span class='ocrx_word' id='word_1_55' title='bbox 369 1185 402 1224; x_wconf 87' lang='grc' dir='ltr'><em>τε</em></span> <span class='ocrx_word' id='word_1_56' title='bbox 418 1164 473 1223; x_wconf 88' lang='grc' dir='ltr'><em>καὶ</em></span> <span class='ocrx_word' id='word_1_57' title='bbox 488 1154 639 1238; x_wconf 77' lang='lat'><em>666666,</em></span> <span class='ocrx_word' id='word_1_58' title='bbox 662 1151 777 1223; x_wconf 82' lang='grc' dir='ltr'><em>ὁποῖον</em></span> <span class='ocrx_word' id='word_1_59' title='bbox 799 1149 913 1220; x_wconf 84' lang='grc' dir='ltr'><em>καὶτὸ</em></span> <span class='ocrx_word' id='word_1_60' title='bbox 935 1178 993 1234; x_wconf 84' lang='grc' dir='ltr'><em>της</em></span> <span class='ocrx_word' id='word_1_61' title='bbox 965 1147 1122 1275; x_wconf 83' lang='grc' dir='ltr'><em>χτύχης</em></span> <span class='ocrx_word' id='word_1_62' title='bbox 1129 1153 1211 1220; x_wconf 83' lang='grc' dir='ltr'><em>έῖναι</em></span> 
     </span>
     <span class='ocr_line' id='line_1_9' title="bbox 206 1252 1212 1353; baseline -0.004 -27"><span class='ocrx_word' id='word_1_63' title='bbox 206 1265 311 1353; x_wconf 78' lang='grc' dir='ltr'><em>φιλεῖ·</em></span> <span class='ocrx_word' id='word_1_64' title='bbox 345 1256 487 1351; x_wconf 90' lang='grc' dir='ltr'><em>άόριστα</em></span> <span class='ocrx_word' id='word_1_65' title='bbox 515 1257 579 1350; x_wconf 75' lang='grc' dir='ltr'><em>γάρ</em></span> <span class='ocrx_word' id='word_1_66' title='bbox 603 1255 645 1325; x_wconf 88' lang='grc' dir='ltr'><em>τά</em></span> <span class='ocrx_word' id='word_1_67' title='bbox 666 1284 710 1350; x_wconf 79' lang='grc' dir='ltr'><em>τηι</em></span> <span class='ocrx_word' id='word_1_68' title='bbox 696 1253 858 1324; x_wconf 74' lang='lat'><em>66²³</em></span> <span class='ocrx_word' id='word_1_69' title='bbox 839 1254 921 1323; x_wconf 88' lang='grc' dir='ltr'><em>αυτὸ</em></span> <span class='ocrx_word' id='word_1_70' title='bbox 943 1260 998 1322; x_wconf 87' lang='grc' dir='ltr'><em>καὶ</em></span> <span class='ocrx_word' id='word_1_71' title='bbox 1020 1257 1139 1346; x_wconf 79' lang='grc' dir='ltr'><strong><em>κυρίως</em></strong></span> <span class='ocrx_word' id='word_1_72' title='bbox 1160 1252 1212 1322; x_wconf 61' lang='lat'><em>66»</em></span> 
     </span>
     <span class='ocr_line' id='line_1_10' title="bbox 205 1328 1214 1460; baseline -0.003 -32"><span class='ocrx_word' id='word_1_73' title='bbox 205 1363 262 1453; x_wconf 77' lang='grc' dir='ltr'><em>τίιμ</em></span> <span class='ocrx_word' id='word_1_74' title='bbox 285 1365 524 1460; x_wconf 79' lang='grc' dir='ltr'><em>συμβεβηκέναι</em></span> <span class='ocrx_word' id='word_1_75' title='bbox 554 1328 758 1448; x_wconf 76' lang='lat'><em>3666666‘</em></span> <span class='ocrx_word' id='word_1_76' title='bbox 745 1352 893 1440; x_wconf 88' lang='grc' dir='ltr'><em>άπαντα,</em></span> <span class='ocrx_word' id='word_1_77' title='bbox 929 1363 984 1426; x_wconf 79' lang='grc' dir='ltr'><em>καὶ</em></span> <span class='ocrx_word' id='word_1_78' title='bbox 1012 1354 1101 1426; x_wconf 89' lang='grc' dir='ltr'><em>άυτά</em></span> <span class='ocrx_word' id='word_1_79' title='bbox 1128 1361 1214 1426; x_wconf 80' lang='grc' dir='ltr'><em>κατὰ</em></span> 
     </span>
     <span class='ocr_line' id='line_1_11' title="bbox 208 1457 1213 1551; baseline -0.003 -20"><span class='ocrx_word' id='word_1_80' title='bbox 208 1431 413 1584; x_wconf 77' lang='grc' dir='ltr'><em>σύμβεβηκὸς</em></span> <span class='ocrx_word' id='word_1_81' title='bbox 435 1461 526 1530; x_wconf 86' lang='grc' dir='ltr'><em>άίτια</em></span> <span class='ocrx_word' id='word_1_82' title='bbox 547 1465 700 1551; x_wconf 83' lang='grc' dir='ltr'><em>χίχνεται.</em></span> <span class='ocrx_word' id='word_1_83' title='bbox 738 1457 866 1530; x_wconf 76' lang='grc' dir='ltr'><em>Αλλ”</em></span> <span class='ocrx_word' id='word_1_84' title='bbox 851 1488 878 1529; x_wconf 81' lang='grc' dir='ltr'><em>ει</em></span> <span class='ocrx_word' id='word_1_85' title='bbox 899 1460 987 1529; x_wconf 90' lang='grc' dir='ltr'><em>κατά</em></span> <span class='ocrx_word' id='word_1_86' title='bbox 1006 1458 1213 1550; x_wconf 86' lang='grc' dir='ltr'><em>συμβεβηκὸς</em></span> 
     </span>
     <span class='ocr_line' id='line_1_12' title="bbox 208 1562 1214 1692; baseline 0 -60"><span class='ocrx_word' id='word_1_87' title='bbox 208 1563 313 1686; x_wconf 80' lang='grc' dir='ltr'><em>άίτιρν</em></span> <span class='ocrx_word' id='word_1_88' title='bbox 334 1563 354 1650; x_wconf 79' lang='lat'><em>6</em></span> <span class='ocrx_word' id='word_1_89' title='bbox 377 1562 476 1653; x_wconf 88' lang='grc' dir='ltr'><em>τύχη,</em></span> <span class='ocrx_word' id='word_1_90' title='bbox 511 1570 562 1634; x_wconf 86' lang='grc' dir='ltr'><em>δεῖ</em></span> <span class='ocrx_word' id='word_1_91' title='bbox 585 1581 649 1659; x_wconf 80' lang='grc' dir='ltr'><em>τίνι</em></span> <span class='ocrx_word' id='word_1_92' title='bbox 679 1568 741 1634; x_wconf 79' lang='grc' dir='ltr'><em>τῶν</em></span> <span class='ocrx_word' id='word_1_93' title='bbox 763 1567 879 1658; x_wconf 80' lang='grc' dir='ltr'><em>κυρίως</em></span> <span class='ocrx_word' id='word_1_94' title='bbox 901 1563 1014 1633; x_wconf 90' lang='grc' dir='ltr'><em>άιτίων</em></span> <span class='ocrx_word' id='word_1_95' title='bbox 1035 1569 1214 1692; x_wconf 75' lang='grc' dir='ltr'><em>λεχομένωη</em></span> 
     </span>
     <span class='ocr_line' id='line_1_13' title="bbox 208 1653 1215 1788; baseline -0.001 -53"><span class='ocrx_word' id='word_1_96' title='bbox 208 1659 310 1752; x_wconf 80' lang='grc' dir='ltr'><em>άυτίχν</em></span> <span class='ocrx_word' id='word_1_97' title='bbox 333 1673 585 1788; x_wconf 76' lang='grc' dir='ltr'><em>συμβεβηκέναι.</em></span> <span class='ocrx_word' id='word_1_98' title='bbox 623 1653 756 1738; x_wconf 82' lang='grc' dir='ltr'><em>Επεὶ’</em></span> <span class='ocrx_word' id='word_1_99' title='bbox 741 1672 797 1738; x_wconf 80' lang='grc' dir='ltr'><em>οὖν</em></span> <span class='ocrx_word' id='word_1_100' title='bbox 825 1674 917 1736; x_wconf 78' lang='grc' dir='ltr'><em>δοκεῖ</em></span> <span class='ocrx_word' id='word_1_101' title='bbox 939 1665 1111 1752; x_wconf 89' lang='grc' dir='ltr'><em>ποιητικὸν</em></span> <span class='ocrx_word' id='word_1_102' title='bbox 1133 1667 1215 1735; x_wconf 83' lang='grc' dir='ltr'><em>έῑναί</em></span> 
     </span>
     <span class='ocr_line' id='line_1_14' title="bbox 208 1767 1214 1893; baseline -0.001 -55"><span class='ocrx_word' id='word_1_103' title='bbox 208 1797 296 1851; x_wconf 90' lang='grc' dir='ltr'><em>τινος</em></span> <span class='ocrx_word' id='word_1_104' title='bbox 324 1767 344 1854; x_wconf 82' lang='lat'><em>6</em></span> <span class='ocrx_word' id='word_1_105' title='bbox 372 1768 452 1860; x_wconf 87' lang='grc' dir='ltr'><em>τύχη</em></span> <span class='ocrx_word' id='word_1_106' title='bbox 482 1770 538 1854; x_wconf 88' lang='grc' dir='ltr'><em>(τά</em></span> <span class='ocrx_word' id='word_1_107' title='bbox 567 1769 631 1861; x_wconf 83' lang='grc' dir='ltr'><em>χάρ</em></span> <span class='ocrx_word' id='word_1_108' title='bbox 660 1770 747 1840; x_wconf 85' lang='grc' dir='ltr'><em>κατά</em></span> <span class='ocrx_word' id='word_1_109' title='bbox 774 1768 872 1861; x_wconf 87' lang='grc' dir='ltr'><em>τύχην</em></span> <span class='ocrx_word' id='word_1_110' title='bbox 900 1769 966 1838; x_wconf 88' lang='grc' dir='ltr'><em>άπὸ</em></span> <span class='ocrx_word' id='word_1_111' title='bbox 999 1767 1099 1889; x_wconf 80' lang='grc' dir='ltr'><em>τύχης</em></span> <span class='ocrx_word' id='word_1_112' title='bbox 1112 1775 1214 1893; x_wconf 75' lang='grc' dir='ltr'><em>φασὶ</em></span> 
     </span>
     <span class='ocr_line' id='line_1_15' title="bbox 205 1871 1215 1971; baseline -0.002 -29"><span class='ocrx_word' id='word_1_113' title='bbox 205 1877 384 1971; x_wconf 75' lang='grc' dir='ltr'><em>γίγνεσθαί</em></span> <span class='ocrx_word' id='word_1_114' title='bbox 418 1901 452 1942; x_wconf 92' lang='grc' dir='ltr'><em>τε</em></span> <span class='ocrx_word' id='word_1_115' title='bbox 480 1883 535 1943; x_wconf 84' lang='grc' dir='ltr'><em>καὶ</em></span> <span class='ocrx_word' id='word_1_116' title='bbox 562 1881 747 1962; x_wconf 75' lang='grc' dir='ltr'><em>γεγονέναι,</em></span> <span class='ocrx_word' id='word_1_117' title='bbox 755 1879 768 1957; x_wconf 88' lang='grc'>)</span> <span class='ocrx_word' id='word_1_118' title='bbox 804 1878 867 1944; x_wconf 79' lang='grc' dir='ltr'><em>τάν</em></span> <span class='ocrx_word' id='word_1_119' title='bbox 894 1877 1070 1958; x_wconf 81' lang='grc' dir='ltr'><em>ποιητικῶν</em></span> <span class='ocrx_word' id='word_1_120' title='bbox 1102 1871 1215 1942; x_wconf 84' lang='grc' dir='ltr'><em>άιτίων</em></span> 
     </span>
     <span class='ocr_line' id='line_1_16' title="bbox 209 1973 1215 2099; baseline -0.002 -54"><span class='ocrx_word' id='word_1_121' title='bbox 209 1983 272 2045; x_wconf 81' lang='grc' dir='ltr'><em>τινὶ</em></span> <span class='ocrx_word' id='word_1_122' title='bbox 287 1981 392 2046; x_wconf 80' lang='grc' dir='ltr'><em>ταῦτα</em></span> <span class='ocrx_word' id='word_1_123' title='bbox 406 1973 561 2098; x_wconf 77' lang='grc' dir='ltr'><em>ὑπάρχειν</em></span> <span class='ocrx_word' id='word_1_124' title='bbox 575 1975 716 2098; x_wconf 78' lang='grc' dir='ltr'><em>άνάχκη,</em></span> <span class='ocrx_word' id='word_1_125' title='bbox 731 1981 792 2098; x_wconf 84' lang='grc' dir='ltr'><em>έίχε</em></span> <span class='ocrx_word' id='word_1_126' title='bbox 812 1975 997 2072; x_wconf 76' lang='grc' dir='ltr'><em>φυλάξει</em></span> <span class='ocrx_word' id='word_1_127' title='bbox 964 2004 1022 2060; x_wconf 92' lang='grc' dir='ltr'><em>την</em></span> <span class='ocrx_word' id='word_1_128' title='bbox 1029 1973 1141 2099; x_wconf 78' lang='grc' dir='ltr'><em>χώραν</em></span> <span class='ocrx_word' id='word_1_129' title='bbox 1152 1978 1215 2043; x_wconf 80' lang='grc' dir='ltr'><em>τῶν</em></span> 
     </span>
     <span class='ocr_line' id='line_1_17' title="bbox 210 2077 1215 2176; baseline 0 -30"><span class='ocrx_word' id='word_1_130' title='bbox 210 2077 332 2148; x_wconf 89' lang='grc' dir='ltr'><em>άιτίων.</em></span> <span class='ocrx_word' id='word_1_131' title='bbox 349 2077 507 2148; x_wconf 71' lang='lat'><em>&#39;&#39;6666</em></span> <span class='ocrx_word' id='word_1_132' title='bbox 468 2107 532 2168; x_wconf 87' lang='grc' dir='ltr'><em>μην</em></span> <span class='ocrx_word' id='word_1_133' title='bbox 546 2078 588 2146; x_wconf 89' lang='grc' dir='ltr'><em>τά</em></span> <span class='ocrx_word' id='word_1_134' title='bbox 603 2082 737 2170; x_wconf 82' lang='grc' dir='ltr'><em>κυρίως</em></span> <span class='ocrx_word' id='word_1_135' title='bbox 734 2077 823 2148; x_wconf 88' lang='grc' dir='ltr'><em>άίτια</em></span> <span class='ocrx_word' id='word_1_136' title='bbox 837 2078 990 2163; x_wconf 88' lang='grc' dir='ltr'><em>ποιητικά</em></span> <span class='ocrx_word' id='word_1_137' title='bbox 1002 2078 1102 2176; x_wconf 74' lang='grc' dir='ltr'><em>φύσις</em></span> <span class='ocrx_word' id='word_1_138' title='bbox 1117 2085 1215 2147; x_wconf 82' lang='grc' dir='ltr'><em>τεκαὶ</em></span> 
     </span>
     <span class='ocr_line' id='line_1_18' title="bbox 209 2179 1216 2275; baseline 0.002 -28"><span class='ocrx_word' id='word_1_139' title='bbox 209 2185 302 2270; x_wconf 88' lang='grc' dir='ltr'><em>τέχνη</em></span> <span class='ocrx_word' id='word_1_140' title='bbox 324 2187 379 2248; x_wconf 87' lang='grc' dir='ltr'><em>καὶ</em></span> <span class='ocrx_word' id='word_1_141' title='bbox 400 2183 605 2272; x_wconf 88' lang='grc' dir='ltr'><em>προαίρεσις·</em></span> <span class='ocrx_word' id='word_1_142' title='bbox 640 2179 749 2250; x_wconf 87' lang='grc' dir='ltr'><em>πάντα</em></span> <span class='ocrx_word' id='word_1_143' title='bbox 772 2192 832 2272; x_wconf 86' lang='grc' dir='ltr'><em>μέν</em></span> <span class='ocrx_word' id='word_1_144' title='bbox 853 2181 917 2275; x_wconf 85' lang='grc' dir='ltr'><em>χάρ</em></span> <span class='ocrx_word' id='word_1_145' title='bbox 941 2181 982 2251; x_wconf 89' lang='grc' dir='ltr'><em>τά</em></span> <span class='ocrx_word' id='word_1_146' title='bbox 1003 2185 1119 2275; x_wconf 86' lang='grc' dir='ltr'><em>κυρίως</em></span> <span class='ocrx_word' id='word_1_147' title='bbox 1142 2179 1216 2275; x_wconf 84' lang='grc' dir='ltr'><em>ὡρι-</em></span> 
     </span>
    </p>

    <p class='ocr_par' dir='ltr' id='par_1_5' title="bbox 209 2281 1230 3614">
     <span class='ocr_line' id='line_1_19' title="bbox 211 2281 1216 2403; baseline 0.002 -53"><span class='ocrx_word' id='word_1_148' title='bbox 211 2288 312 2403; x_wconf 77' lang='grc' dir='ltr'><em>σμένα</em></span> <span class='ocrx_word' id='word_1_149' title='bbox 334 2288 375 2366; x_wconf 85' lang='lat'><em>¹¹)</em></span> <span class='ocrx_word' id='word_1_150' title='bbox 398 2282 573 2367; x_wconf 91' lang='grc' dir='ltr'><em>ποιητικά,</em></span> <span class='ocrx_word' id='word_1_151' title='bbox 596 2281 686 2353; x_wconf 79' lang='grc' dir='ltr'><em>ἕνεκά</em></span> <span class='ocrx_word' id='word_1_152' title='bbox 707 2312 796 2365; x_wconf 88' lang='grc' dir='ltr'><em>τινος</em></span> <span class='ocrx_word' id='word_1_153' title='bbox 817 2292 929 2366; x_wconf 82' lang='grc' dir='ltr'><em>τέλους</em></span> <span class='ocrx_word' id='word_1_154' title='bbox 950 2285 993 2353; x_wconf 90' lang='grc' dir='ltr'><em>τά</em></span> <span class='ocrx_word' id='word_1_155' title='bbox 1013 2285 1096 2378; x_wconf 85' lang='grc' dir='ltr'><em>πρὸς</em></span> <span class='ocrx_word' id='word_1_156' title='bbox 1110 2282 1216 2354; x_wconf 85' lang='grc' dir='ltr'><em>άυτάν</em></span> 
     </span>
     <span class='ocr_line' id='line_1_20' title="bbox 209 2383 1217 2480; baseline 0 -26"><span class='ocrx_word' id='word_1_157' title='bbox 209 2383 386 2476; x_wconf 77' lang='grc' dir='ltr'><em>γιγνόμενα</em></span> <span class='ocrx_word' id='word_1_158' title='bbox 417 2395 512 2456; x_wconf 81' lang='grc' dir='ltr'><em>ποιεί.</em></span> <span class='ocrx_word' id='word_1_159' title='bbox 551 2383 762 2480; x_wconf 77' lang='grc' dir='ltr'><em>Ὁρῶμενέ</em></span> <span class='ocrx_word' id='word_1_160' title='bbox 728 2393 762 2456; x_wconf 79' lang='lat'><em>36</em></span> <span class='ocrx_word' id='word_1_161' title='bbox 790 2385 899 2457; x_wconf 90' lang='grc' dir='ltr'><em>πάντα</em></span> <span class='ocrx_word' id='word_1_162' title='bbox 929 2385 970 2456; x_wconf 82' lang='lat'><em>66</em></span> <span class='ocrx_word' id='word_1_163' title='bbox 997 2415 1085 2468; x_wconf 89' lang='grc' dir='ltr'><em>τινος</em></span> <span class='ocrx_word' id='word_1_164' title='bbox 1115 2393 1217 2457; x_wconf 76' lang='grc' dir='ltr'><em>ἕνεκεν</em></span> 
     </span>
     <span class='ocr_line' id='line_1_21' title="bbox 210 2487 1217 2581; baseline 0 -24"><span class='ocrx_word' id='word_1_165' title='bbox 210 2487 402 2579; x_wconf 81' lang='grc' dir='ltr'><em>χιχνόμενα,</em></span> <span class='ocrx_word' id='word_1_166' title='bbox 438 2487 503 2560; x_wconf 87' lang='grc' dir='ltr'><em>ύπὸ</em></span> <span class='ocrx_word' id='word_1_167' title='bbox 525 2487 649 2560; x_wconf 86' lang='grc' dir='ltr'><em>τούτων</em></span> <span class='ocrx_word' id='word_1_168' title='bbox 669 2488 844 2581; x_wconf 74' lang='grc' dir='ltr'><em>γιγνόμενά</em></span> <span class='ocrx_word' id='word_1_169' title='bbox 865 2510 972 2572; x_wconf 90' lang='grc' dir='ltr'><em>τινος·</em></span> <span class='ocrx_word' id='word_1_170' title='bbox 1005 2489 1129 2561; x_wconf 86' lang='grc' dir='ltr'><em>τούτων</em></span> <span class='ocrx_word' id='word_1_171' title='bbox 1151 2490 1217 2581; x_wconf 86' lang='grc' dir='ltr'><em>άρα</em></span> 
     </span>
     <span class='ocr_line' id='line_1_22' title="bbox 215 2589 1218 2715; baseline 0.001 -55"><span class='ocrx_word' id='word_1_172' title='bbox 215 2600 279 2661; x_wconf 83' lang='grc' dir='ltr'><em>τινὶ</em></span> <span class='ocrx_word' id='word_1_173' title='bbox 300 2589 540 2684; x_wconf 85' lang='grc' dir='ltr'><em>συμβέβηκεν</em></span> <span class='ocrx_word' id='word_1_174' title='bbox 522 2622 542 2676; x_wconf 89' lang='grc' dir='ltr'><em>η</em></span> <span class='ocrx_word' id='word_1_175' title='bbox 558 2591 656 2715; x_wconf 87' lang='grc' dir='ltr'><em>τύχη.</em></span> <span class='ocrx_word' id='word_1_176' title='bbox 693 2591 781 2662; x_wconf 80' lang='grc' dir='ltr'><em>Ἐπεὶ</em></span> <span class='ocrx_word' id='word_1_177' title='bbox 803 2599 837 2663; x_wconf 83' lang='lat'><em>36</em></span> <span class='ocrx_word' id='word_1_178' title='bbox 860 2599 983 2664; x_wconf 81' lang='grc' dir='ltr'><em>δοκεῖ</em></span> <span class='ocrx_word' id='word_1_179' title='bbox 968 2622 1001 2664; x_wconf 78' lang='grc' dir='ltr'><em>εν</em></span> <span class='ocrx_word' id='word_1_180' title='bbox 1019 2603 1090 2681; x_wconf 87' lang='grc' dir='ltr'><em>τοῖς</em></span> <span class='ocrx_word' id='word_1_181' title='bbox 1100 2622 1218 2688; x_wconf 86' lang='grc' dir='ltr'><em>προαι-</em></span> 
     </span>
     <span class='ocr_line' id='line_1_23' title="bbox 212 2694 1219 2790; baseline 0.004 -27"><span class='ocrx_word' id='word_1_182' title='bbox 212 2704 352 2788; x_wconf 86' lang='grc' dir='ltr'><em>ρετικοῖς</em></span> <span class='ocrx_word' id='word_1_183' title='bbox 375 2701 457 2765; x_wconf 83' lang='grc' dir='ltr'><em>έιναι</em></span> <span class='ocrx_word' id='word_1_184' title='bbox 479 2694 521 2764; x_wconf 86' lang='grc' dir='ltr'><em>τά</em></span> <span class='ocrx_word' id='word_1_185' title='bbox 543 2695 630 2766; x_wconf 87' lang='grc' dir='ltr'><em>κατά</em></span> <span class='ocrx_word' id='word_1_186' title='bbox 650 2694 769 2786; x_wconf 89' lang='grc' dir='ltr'><em>τύχην,</em></span> <span class='ocrx_word' id='word_1_187' title='bbox 802 2701 920 2780; x_wconf 82' lang='grc' dir='ltr'><em>(ταῦτα</em></span> <span class='ocrx_word' id='word_1_188' title='bbox 948 2697 1012 2790; x_wconf 75' lang='grc' dir='ltr'><em>γάρ</em></span> <span class='ocrx_word' id='word_1_189' title='bbox 1035 2696 1101 2766; x_wconf 88' lang='grc' dir='ltr'><em>άπὸ</em></span> <span class='ocrx_word' id='word_1_190' title='bbox 1123 2695 1219 2787; x_wconf 82' lang='grc' dir='ltr'><em>τύχης</em></span> 
     </span>
     <span class='ocr_line' id='line_1_24' title="bbox 211 2791 1219 2926; baseline 0.001 -60"><span class='ocrx_word' id='word_1_191' title='bbox 211 2800 392 2886; x_wconf 70' lang='grc' dir='ltr'><em>γίγνεσθαι</em></span> <span class='ocrx_word' id='word_1_192' title='bbox 408 2807 512 2894; x_wconf 84' lang='grc' dir='ltr'><em>φασιν</em></span> <span class='ocrx_word' id='word_1_193' title='bbox 519 2854 528 2884; x_wconf 88' lang='grc'><strong><em>,</em></strong></span> <span class='ocrx_word' id='word_1_194' title='bbox 551 2791 593 2868; x_wconf 78' lang='grc' dir='ltr'><em>ὧν</em></span> <span class='ocrx_word' id='word_1_195' title='bbox 609 2797 706 2924; x_wconf 87' lang='grc' dir='ltr'><em>χάριν</em></span> <span class='ocrx_word' id='word_1_196' title='bbox 728 2799 788 2870; x_wconf 82' lang='grc' dir='ltr'><em>κάν</em></span> <span class='ocrx_word' id='word_1_197' title='bbox 809 2799 1035 2926; x_wconf 76' lang='grc' dir='ltr'><em>προελοίμεθά</em></span> <span class='ocrx_word' id='word_1_198' title='bbox 1049 2828 1082 2868; x_wconf 88' lang='grc' dir='ltr'><em>τι</em></span> <span class='ocrx_word' id='word_1_199' title='bbox 1098 2803 1219 2893; x_wconf 80' lang='grc' dir='ltr'><em>πρᾶξαι</em></span> 
     </span>
     <span class='ocr_line' id='line_1_25' title="bbox 211 2896 1219 3028; baseline 0.001 -61"><span class='ocrx_word' id='word_1_200' title='bbox 211 2897 296 3021; x_wconf 66' lang='grc' dir='ltr'><em>προς</em></span> <span class='ocrx_word' id='word_1_201' title='bbox 318 2899 355 2968; x_wconf 87' lang='grc' dir='ltr'><em>τὸ</em></span> <span class='ocrx_word' id='word_1_202' title='bbox 381 2911 486 3022; x_wconf 81' lang='grc' dir='ltr'><em>τηχιῐν</em></span> <span class='ocrx_word' id='word_1_203' title='bbox 507 2901 631 2986; x_wconf 81' lang='grc' dir='ltr'><em>άυτάν,</em></span> <span class='ocrx_word' id='word_1_204' title='bbox 618 2901 702 3028; x_wconf 81' lang='grc' dir='ltr'><em>ἐφ</em></span> <span class='ocrx_word' id='word_1_205' title='bbox 727 2896 770 2972; x_wconf 83' lang='grc' dir='ltr'><em>ὧν</em></span> <span class='ocrx_word' id='word_1_206' title='bbox 791 2903 850 2987; x_wconf 84' lang='grc' dir='ltr'><em>τὴν</em></span> <span class='ocrx_word' id='word_1_207' title='bbox 820 2907 1013 2994; x_wconf 80' lang='grc' dir='ltr'><em>χέυτυχίαν</em></span> <span class='ocrx_word' id='word_1_208' title='bbox 1028 2902 1211 2993; x_wconf 80' lang='grc' dir='ltr'><em>λέχομεν,’</em></span> <span class='ocrx_word' id='word_1_209' title='bbox 1198 2899 1219 2984; x_wconf 75' lang='grc' dir='ltr'><em>η’</em></span> 
     </span>
     <span class='ocr_line' id='line_1_26' title="bbox 213 2997 1219 3129; baseline 0.001 -56"><span class='ocrx_word' id='word_1_210' title='bbox 213 3001 309 3129; x_wconf 82' lang='grc' dir='ltr'><em>πρὸς</em></span> <span class='ocrx_word' id='word_1_211' title='bbox 318 3001 357 3070; x_wconf 86' lang='grc' dir='ltr'><em>τὸ</em></span> <span class='ocrx_word' id='word_1_212' title='bbox 357 3002 428 3124; x_wconf 80' lang='grc' dir='ltr'><em>μη</em></span> <span class='ocrx_word' id='word_1_213' title='bbox 447 2997 633 3098; x_wconf 80' lang='grc' dir='ltr'><em>πρᾶξαι,</em></span> <span class='ocrx_word' id='word_1_214' title='bbox 608 3033 651 3076; x_wconf 91' lang='grc' dir='ltr'><em>ων</em></span> <span class='ocrx_word' id='word_1_215' title='bbox 672 3005 731 3090; x_wconf 79' lang='grc' dir='ltr'><em>τίχν</em></span> <span class='ocrx_word' id='word_1_216' title='bbox 752 3011 926 3098; x_wconf 82' lang='grc' dir='ltr'><em>δυστυχίαν</em></span> <span class='ocrx_word' id='word_1_217' title='bbox 947 3010 1219 3132; x_wconf 83' lang='grc' dir='ltr'><em>κατηχορούμεν)</em></span> 
     </span>
     <span class='ocr_line' id='line_1_27' title="bbox 215 3102 1230 3232; baseline 0.003 -58"><span class='ocrx_word' id='word_1_218' title='bbox 215 3110 263 3192; x_wconf 79' lang='lat'><em>666</em></span> <span class='ocrx_word' id='word_1_219' title='bbox 286 3103 327 3176; x_wconf 84' lang='lat'><em>66</em></span> <span class='ocrx_word' id='word_1_220' title='bbox 347 3102 368 3190; x_wconf 84' lang='lat'><em>6</em></span> <span class='ocrx_word' id='word_1_221' title='bbox 391 3103 470 3232; x_wconf 85' lang='grc' dir='ltr'><em>τύχη</em></span> <span class='ocrx_word' id='word_1_222' title='bbox 492 3113 562 3186; x_wconf 84' lang='grc' dir='ltr'><em>τοῖς</em></span> <span class='ocrx_word' id='word_1_223' title='bbox 583 3107 669 3176; x_wconf 88' lang='grc' dir='ltr'><em>κατά</em></span> <span class='ocrx_word' id='word_1_224' title='bbox 699 3112 890 3232; x_wconf 79' lang='grc' dir='ltr'><em>προαίρεσιν</em></span> <span class='ocrx_word' id='word_1_225' title='bbox 916 3117 1119 3199; x_wconf 75' lang='grc' dir='ltr'><em>γιγνομένοις</em></span> <span class='ocrx_word' id='word_1_226' title='bbox 1146 3105 1219 3178; x_wconf 82' lang='grc' dir='ltr'><em>έπό-</em></span> <span class='ocrx_word' id='word_1_227' title='bbox 1227 3139 1230 3146; x_wconf 92' lang='grc'><strong><em>·</em></strong></span> 
     </span>
     <span class='ocr_line' id='line_1_28' title="bbox 213 3206 1221 3302; baseline 0.002 -24"><span class='ocrx_word' id='word_1_228' title='bbox 213 3236 326 3300; x_wconf 86' lang='grc' dir='ltr'><em>μενον,</em></span> <span class='ocrx_word' id='word_1_229' title='bbox 358 3217 414 3278; x_wconf 84' lang='grc' dir='ltr'><em>καὶ</em></span> <span class='ocrx_word' id='word_1_230' title='bbox 436 3212 469 3278; x_wconf 79' lang='grc' dir='ltr'><em>ἐν</em></span> <span class='ocrx_word' id='word_1_231' title='bbox 490 3206 620 3290; x_wconf 85' lang='grc' dir='ltr'><em>τούτοις</em></span> <span class='ocrx_word' id='word_1_232' title='bbox 642 3209 734 3280; x_wconf 88' lang='grc' dir='ltr'><em>άιτία</em></span> <span class='ocrx_word' id='word_1_233' title='bbox 756 3210 841 3279; x_wconf 90' lang='grc' dir='ltr'><em>κατά</em></span> <span class='ocrx_word' id='word_1_234' title='bbox 871 3210 1084 3302; x_wconf 84' lang='grc' dir='ltr'><em>συμβεβηκός.</em></span> <span class='ocrx_word' id='word_1_235' title='bbox 1117 3207 1221 3282; x_wconf 77' lang='grc' dir='ltr'><em>Ὅταν</em></span> 
     </span>
     <span class='ocr_line' id='line_1_29' title="bbox 213 3310 1221 3412; baseline 0.004 -32"><span class='ocrx_word' id='word_1_236' title='bbox 213 3311 279 3406; x_wconf 83' lang='grc' dir='ltr'><em>χάρ</em></span> <span class='ocrx_word' id='word_1_237' title='bbox 300 3311 483 3407; x_wconf 89' lang='grc' dir='ltr'><em>πράττουσί</em></span> <span class='ocrx_word' id='word_1_238' title='bbox 515 3338 546 3379; x_wconf 92' lang='grc' dir='ltr'><em>τι</em></span> <span class='ocrx_word' id='word_1_239' title='bbox 573 3310 660 3380; x_wconf 88' lang='grc' dir='ltr'><em>κατά</em></span> <span class='ocrx_word' id='word_1_240' title='bbox 681 3316 871 3405; x_wconf 84' lang='grc' dir='ltr'><em>προαίρεσιν</em></span> <span class='ocrx_word' id='word_1_241' title='bbox 892 3313 968 3406; x_wconf 74' lang='grc' dir='ltr'><em>ἡμῖν</em></span> <span class='ocrx_word' id='word_1_242' title='bbox 991 3311 1162 3412; x_wconf 79' lang='grc' dir='ltr'><em>άπαντὴσῃ</em></span> <span class='ocrx_word' id='word_1_243' title='bbox 1176 3314 1221 3404; x_wconf 80' lang='grc' dir='ltr'><em>μὴ</em></span> 
     </span>
     <span class='ocr_line' id='line_1_30' title="bbox 214 3413 1227 3540; baseline 0.003 -58"><span class='ocrx_word' id='word_1_244' title='bbox 214 3413 253 3483; x_wconf 87' lang='grc' dir='ltr'><em>τὸ</em></span> <span class='ocrx_word' id='word_1_245' title='bbox 274 3415 484 3540; x_wconf 71' lang='grc' dir='ltr'><em>προμείμενον</em></span> <span class='ocrx_word' id='word_1_246' title='bbox 505 3420 598 3496; x_wconf 80' lang='grc' dir='ltr'><em>τέλος</em></span> <span class='ocrx_word' id='word_1_247' title='bbox 626 3414 710 3484; x_wconf 86' lang='grc' dir='ltr'><em>κατά</em></span> <span class='ocrx_word' id='word_1_248' title='bbox 739 3413 799 3538; x_wconf 75' lang='grc' dir='ltr'><em>τὴν</em></span> <span class='ocrx_word' id='word_1_249' title='bbox 830 3421 1042 3511; x_wconf 87' lang='grc' dir='ltr'><em>προαίρεσιν,</em></span> <span class='ocrx_word' id='word_1_250' title='bbox 1078 3416 1160 3486; x_wconf 85' lang='grc' dir='ltr'><em>άλλο</em></span> <span class='ocrx_word' id='word_1_251' title='bbox 1189 3421 1227 3486; x_wconf 81' lang='lat'><em>36</em></span> 
     </span>
     <span class='ocr_line' id='line_1_31' title="bbox 215 3517 1247 3614; baseline 0.002 -28"><span class='ocrx_word' id='word_1_252' title='bbox 215 3545 248 3586; x_wconf 91' lang='grc' dir='ltr'><em>τι</em></span> <span class='ocrx_word' id='word_1_253' title='bbox 269 3519 354 3587; x_wconf 88' lang='grc' dir='ltr'><em>κατά</em></span> <span class='ocrx_word' id='word_1_254' title='bbox 377 3517 583 3644; x_wconf 82' lang='grc' dir='ltr'><em>συμβεβηκὸς</em></span> <span class='ocrx_word' id='word_1_255' title='bbox 604 3523 751 3641; x_wconf 74' lang='grc' dir='ltr'><em>χένηται,</em></span> <span class='ocrx_word' id='word_1_256' title='bbox 774 3517 793 3603; x_wconf 82' lang='lat'><em>6</em></span> <span class='ocrx_word' id='word_1_257' title='bbox 811 3520 902 3590; x_wconf 86' lang='grc' dir='ltr'><em>κατά</em></span> <span class='ocrx_word' id='word_1_258' title='bbox 923 3525 1144 3614; x_wconf 79' lang='grc' dir='ltr'><em>προαίρεσινχ</em></span> <span class='ocrx_word' id='word_1_259' title='bbox 1132 3527 1247 3607; x_wconf 81' lang='grc' dir='ltr'><em>χ·ἐνο</em></span> 
     </span>
    </p>

    <p class='ocr_par' dir='ltr' id='par_1_6' title="bbox 213 3619 1226 3746">
     <span class='ocr_line' id='line_1_32' title="bbox 213 3619 1226 3746; baseline 0.002 -57.004"><span class='ocrx_word' id='word_1_260' title='bbox 213 3625 295 3712; x_wconf 88' lang='grc' dir='ltr'><em>μένη</em></span> <span class='ocrx_word' id='word_1_261' title='bbox 316 3621 475 3708; x_wconf 77' lang='grc' dir='ltr'><em>πράξις’</em></span> <span class='ocrx_word' id='word_1_262' title='bbox 454 3625 545 3692; x_wconf 83' lang='grc' dir='ltr'><em>σιτία</em></span> <span class='ocrx_word' id='word_1_263' title='bbox 568 3627 627 3692; x_wconf 84' lang='grc' dir='ltr'><em>τοῦ</em></span> <span class='ocrx_word' id='word_1_264' title='bbox 650 3619 778 3692; x_wconf 86' lang='grc' dir='ltr'><em>άπαντί</em></span> <span class='ocrx_word' id='word_1_265' title='bbox 769 3650 902 3746; x_wconf 80' lang='grc' dir='ltr'><em>χσαντρς</em></span> <span class='ocrx_word' id='word_1_266' title='bbox 922 3633 997 3715; x_wconf 83' lang='grc' dir='ltr'><em>μέν,</em></span> <span class='ocrx_word' id='word_1_267' title='bbox 1033 3623 1071 3693; x_wconf 83' lang='grc' dir='ltr'><em>οὐ</em></span> <span class='ocrx_word' id='word_1_268' title='bbox 1094 3650 1226 3718; x_wconf 84' lang='grc' dir='ltr'><em>προκει-</em></span> 
     </span>
    </p>

    <p class='ocr_par' dir='ltr' id='par_1_7' title="bbox 214 3725 1224 3818">
     <span class='ocr_line' id='line_1_33' title="bbox 214 3725 1224 3818; baseline 0.004 -28"><span class='ocrx_word' id='word_1_269' title='bbox 214 3727 313 3813; x_wconf 86' lang='grc' dir='ltr'><em>μένου</em></span> <span class='ocrx_word' id='word_1_270' title='bbox 352 3727 396 3792; x_wconf 85' lang='grc' dir='ltr'><em>δέ.</em></span> <span class='ocrx_word' id='word_1_271' title='bbox 449 3731 596 3815; x_wconf 82' lang='grc' dir='ltr'><em>Λέχομεν</em></span> <span class='ocrx_word' id='word_1_272' title='bbox 629 3731 676 3794; x_wconf 77' lang='grc' dir='ltr'><em>δὲ</em></span> <span class='ocrx_word' id='word_1_273' title='bbox 693 3730 791 3797; x_wconf 83' lang='grc' dir='ltr'><em>τοῦτο</em></span> <span class='ocrx_word' id='word_1_274' title='bbox 819 3725 885 3796; x_wconf 86' lang='grc' dir='ltr'><em>άπὸ</em></span> <span class='ocrx_word' id='word_1_275' title='bbox 913 3725 1010 3818; x_wconf 89' lang='grc' dir='ltr'><em>τύχης</em></span> <span class='ocrx_word' id='word_1_276' title='bbox 1037 3755 1085 3816; x_wconf 81' lang='grc' dir='ltr'><em>χιχ</em></span> <span class='ocrx_word' id='word_1_277' title='bbox 1086 3733 1224 3796; x_wconf 84' lang='grc' dir='ltr'><em>ονέναι·</em></span> 
     </span>
    </p>

    <p class='ocr_par' dir='ltr' id='par_1_8' title="bbox 215 3823 1228 3932">
     <span class='ocr_line' id='line_1_34' title="bbox 215 3823 1228 3932; baseline 0.005 -38"><span class='ocrx_word' id='word_1_278' title='bbox 215 3828 261 3920; x_wconf 71' lang='grc' dir='ltr'><em>τῷ</em></span> <span class='ocrx_word' id='word_1_279' title='bbox 283 3853 316 3894; x_wconf 89' lang='grc' dir='ltr'><em>τε</em></span> <span class='ocrx_word' id='word_1_280' title='bbox 337 3823 401 3920; x_wconf 76' lang='grc' dir='ltr'><em>γάρ</em></span> <span class='ocrx_word' id='word_1_281' title='bbox 424 3824 617 3932; x_wconf 70' lang='grc' dir='ltr'><em>σκάπτοντί</em></span> <span class='ocrx_word' id='word_1_282' title='bbox 641 3829 727 3898; x_wconf 87' lang='grc' dir='ltr'><em>κατά</em></span> <span class='ocrx_word' id='word_1_283' title='bbox 758 3832 949 3923; x_wconf 84' lang='grc' dir='ltr'><em>προαίρεσιν</em></span> <span class='ocrx_word' id='word_1_284' title='bbox 977 3833 1036 3900; x_wconf 84' lang='grc' dir='ltr'><em>τοῦ</em></span> <span class='ocrx_word' id='word_1_285' title='bbox 1064 3834 1228 3926; x_wconf 64' lang='grc' dir='ltr'><em>φυτεῦσαι</em></span> 
     </span>
    </p>
   </div>
   <div class='ocr_carea' id='block_1_4' title="bbox 0 0 1395 4514">
    <p class='ocr_par' dir='ltr' id='par_1_9' title="bbox 0 0 1395 4514">
     <span class='ocr_line' id='line_1_35' title="bbox 0 0 1395 4514; baseline 0 0"><span class='ocrx_word' id='word_1_286' title='bbox 0 0 1395 4514; x_wconf 95' lang='lat' dir='ltr'><em> </em></span> 
     </span>
    </p>
   </div>
  </div>
 </body>
</html>
