<?xml version="1.0" encoding="UTF-8"?>
<!DOCTYPE html PUBLIC "-//W3C//DTD XHTML 1.0 Transitional//EN"
    "http://www.w3.org/TR/xhtml1/DTD/xhtml1-transitional.dtd">
<html xmlns="http://www.w3.org/1999/xhtml" xml:lang="en" lang="en">
 <head>
  <title>
</title>
<meta http-equiv="Content-Type" content="text/html;charset=utf-8" />
  <meta name='ocr-system' content='tesseract 3.04.00' />
  <meta name='ocr-capabilities' content='ocr_page ocr_carea ocr_par ocr_line ocrx_word'/>
</head>
<body>
  <div class='ocr_page' id='page_1' title='image "./alexandriaprodi00alexgoog_0256.png"; bbox 0 0 2754 4510; ppageno 0'>
   <div class='ocr_carea' id='block_1_1' title="bbox 1068 325 1128 389">
    <p class='ocr_par' dir='ltr' id='par_1_1' title="bbox 1068 325 1128 389">
     <span class='ocr_line' id='line_1_1' title="bbox 1068 325 1128 389; baseline 0.033 -2"><span class='ocrx_word' id='word_1_1' title='bbox 1068 325 1128 389; x_wconf 78' lang='lat'>239</span> 
     </span>
    </p>
   </div>
   <div class='ocr_carea' id='block_1_2' title="bbox 121 486 1203 682">
    <p class='ocr_par' dir='ltr' id='par_1_2' title="bbox 121 486 1203 682">
     <span class='ocr_line' id='line_1_2' title="bbox 121 486 1203 574; baseline 0.006 -21"><span class='ocrx_word' id='word_1_2' title='bbox 121 486 180 573; x_wconf 83' lang='lat' dir='ltr'>qui</span> <span class='ocrx_word' id='word_1_3' title='bbox 195 487 250 554; x_wconf 90' lang='lat' dir='ltr'>illa</span> <span class='ocrx_word' id='word_1_4' title='bbox 270 487 427 574; x_wconf 85' lang='lat' dir='ltr'>legerint,</span> <span class='ocrx_word' id='word_1_5' title='bbox 451 489 669 571; x_wconf 84' lang='lat' dir='ltr'>reputaveris,</span> <span class='ocrx_word' id='word_1_6' title='bbox 695 490 823 556; x_wconf 88' lang='lat' dir='ltr'>etmihi</span> <span class='ocrx_word' id='word_1_7' title='bbox 842 489 939 557; x_wconf 83' lang='lat' dir='ltr'>facies</span> <span class='ocrx_word' id='word_1_8' title='bbox 961 494 1128 560; x_wconf 76' lang='lat' dir='ltr'><strong>admodum</strong></span> <span class='ocrx_word' id='word_1_9' title='bbox 1197 555 1203 566; x_wconf 84' lang='lat'><em>,</em></span> 
     </span>
     <span class='ocr_line' id='line_1_3' title="bbox 121 589 876 682; baseline 0.004 -27"><span class='ocrx_word' id='word_1_10' title='bbox 121 602 271 682; x_wconf 82' lang='lat' dir='ltr'>gratum,</span> <span class='ocrx_word' id='word_1_11' title='bbox 297 604 328 655; x_wconf 88' lang='lat' dir='ltr'>et</span> <span class='ocrx_word' id='word_1_12' title='bbox 347 613 366 654; x_wconf 90' lang='lat' dir='ltr'>a</span> <span class='ocrx_word' id='word_1_13' title='bbox 385 589 508 676; x_wconf 85' lang='lat' dir='ltr'>magnis</span> <span class='ocrx_word' id='word_1_14' title='bbox 531 592 632 656; x_wconf 89' lang='lat' dir='ltr'>dubiis</span> <span class='ocrx_word' id='word_1_15' title='bbox 651 613 700 656; x_wconf 87' lang='lat' dir='ltr'>rne</span> <span class='ocrx_word' id='word_1_16' title='bbox 714 592 876 660; x_wconf 81' lang='lat' dir='ltr'><strong>liberabis.</strong></span> 
     </span>
    </p>
   </div>
   <div class='ocr_carea' id='block_1_3' title="bbox 312 747 935 820">
    <p class='ocr_par' dir='ltr' id='par_1_3' title="bbox 312 747 935 820">
     <span class='ocr_line' id='line_1_4' title="bbox 312 747 935 820; baseline 0.01 -7"><span class='ocrx_word' id='word_1_17' title='bbox 312 749 513 814; x_wconf 89' lang='lat' dir='ltr'><strong>PLETHO·</strong></span> <span class='ocrx_word' id='word_1_18' title='bbox 531 747 810 815; x_wconf 87' lang='lat' dir='ltr'><strong>BESSARIONI</strong></span> <span class='ocrx_word' id='word_1_19' title='bbox 832 753 867 815; x_wconf 86' lang='lat' dir='ltr'>S.</span> <span class='ocrx_word' id='word_1_20' title='bbox 890 752 935 820; x_wconf 85' lang='lat' dir='ltr'>D.</span> 
     </span>
    </p>
   </div>
   <div class='ocr_carea' id='block_1_4' title="bbox 123 888 1128 1080">
    <p class='ocr_par' dir='ltr' id='par_1_4' title="bbox 123 888 1128 1080">
     <span class='ocr_line' id='line_1_5' title="bbox 185 888 1128 988; baseline 0.005 -34"><span class='ocrx_word' id='word_1_21' title='bbox 185 888 237 954; x_wconf 86' lang='lat' dir='ltr'>De</span> <span class='ocrx_word' id='word_1_22' title='bbox 258 889 332 954; x_wconf 89' lang='lat' dir='ltr'>Fati</span> <span class='ocrx_word' id='word_1_23' title='bbox 353 901 457 953; x_wconf 88' lang='lat' dir='ltr'>autem</span> <span class='ocrx_word' id='word_1_24' title='bbox 478 890 601 956; x_wconf 88' lang='lat' dir='ltr'>ratione</span> <span class='ocrx_word' id='word_1_25' title='bbox 623 892 713 988; x_wconf 90' lang='lat' dir='ltr'>dico,</span> <span class='ocrx_word' id='word_1_26' title='bbox 735 890 822 955; x_wconf 86' lang='lat' dir='ltr'>·fieri</span> <span class='ocrx_word' id='word_1_27' title='bbox 842 913 914 986; x_wconf 86' lang='lat' dir='ltr'>non</span> <span class='ocrx_word' id='word_1_28' title='bbox 933 914 1053 976; x_wconf 88' lang='lat' dir='ltr'>posse,</span> <span class='ocrx_word' id='word_1_29' title='bbox 1091 907 1128 959; x_wconf 90' lang='lat' dir='ltr'>nt</span> 
     </span>
     <span class='ocr_line' id='line_1_6' title="bbox 123 993 1127 1080; baseline 0.006 -24"><span class='ocrx_word' id='word_1_30' title='bbox 123 993 237 1057; x_wconf 85' lang='lat' dir='ltr'>Fatum</span> <span class='ocrx_word' id='word_1_31' title='bbox 259 1014 278 1057; x_wconf 91' lang='lat' dir='ltr'>a</span> <span class='ocrx_word' id='word_1_32' title='bbox 300 1014 461 1076; x_wconf 89' lang='lat' dir='ltr'>quoquam</span> <span class='ocrx_word' id='word_1_33' title='bbox 475 993 658 1058; x_wconf 84' lang='lat' dir='ltr'>futurorum</span> <span class='ocrx_word' id='word_1_34' title='bbox 672 994 846 1072; x_wconf 81' lang='lat' dir='ltr'>eximatur,</span> <span class='ocrx_word' id='word_1_35' title='bbox 874 999 979 1080; x_wconf 92' lang='lat' dir='ltr'>quoad</span> <span class='ocrx_word' id='word_1_36' title='bbox 992 995 1046 1060; x_wconf 88' lang='lat' dir='ltr'>illa</span> <span class='ocrx_word' id='word_1_37' title='bbox 1063 995 1127 1062; x_wconf 90' lang='lat' dir='ltr'>duo</span> 
     </span>
    </p>
   </div>
   <div class='ocr_carea' id='block_1_5' title="bbox 35 1095 1178 3870">
    <p class='ocr_par' dir='ltr' id='par_1_5' title="bbox 35 1095 1178 3870">
     <span class='ocr_line' id='line_1_7' title="bbox 121 1095 1127 1184; baseline 0.004 -24"><span class='ocrx_word' id='word_1_38' title='bbox 121 1095 279 1179; x_wconf 88' lang='lat' dir='ltr'>principia</span> <span class='ocrx_word' id='word_1_39' title='bbox 300 1098 394 1160; x_wconf 90' lang='lat' dir='ltr'>ambo</span> <span class='ocrx_word' id='word_1_40' title='bbox 416 1107 521 1174; x_wconf 85' lang='lat' dir='ltr'>stent,</span> <span class='ocrx_word' id='word_1_41' title='bbox 546 1099 633 1180; x_wconf 88' lang='lat' dir='ltr'>qnod</span> <span class='ocrx_word' id='word_1_42' title='bbox 655 1097 756 1162; x_wconf 89' lang='lat' dir='ltr'>omnis</span> <span class='ocrx_word' id='word_1_43' title='bbox 779 1119 890 1176; x_wconf 85' lang='lat' dir='ltr'>causa,</span> <span class='ocrx_word' id='word_1_44' title='bbox 915 1101 1127 1184; x_wconf 91' lang='lat' dir='ltr'>quodcunque</span> 
     </span>
     <span class='ocr_line' id='line_1_8' title="bbox 35 1195 1127 1290; baseline 0.005 -29"><span class='ocrx_word' id='word_1_45' title='bbox 35 1195 39 1202; x_wconf 83' lang='lat'>&#39;</span> <span class='ocrx_word' id='word_1_46' title='bbox 119 1198 253 1290; x_wconf 73' lang='lat' dir='ltr'>iecerit,</span> <span class='ocrx_word' id='word_1_47' title='bbox 276 1198 455 1264; x_wconf 85' lang='lat' dir='ltr'>necessario</span> <span class='ocrx_word' id='word_1_48' title='bbox 478 1211 509 1262; x_wconf 89' lang='lat' dir='ltr'>et</span> <span class='ocrx_word' id='word_1_49' title='bbox 531 1199 733 1264; x_wconf 89' lang='lat' dir='ltr'>determinate</span> <span class='ocrx_word' id='word_1_50' title='bbox 754 1201 870 1278; x_wconf 82' lang='lat' dir='ltr'>saciat,</span> <span class='ocrx_word' id='word_1_51' title='bbox 894 1213 926 1264; x_wconf 90' lang='lat' dir='ltr'>et</span> <span class='ocrx_word' id='word_1_52' title='bbox 947 1205 1127 1286; x_wconf 88' lang='lat' dir='ltr'>quodom-</span> 
     </span>
     <span class='ocr_line' id='line_1_9' title="bbox 119 1301 1127 1387; baseline 0.007 -23"><span class='ocrx_word' id='word_1_53' title='bbox 119 1322 160 1365; x_wconf 89' lang='lat' dir='ltr'>ne</span> <span class='ocrx_word' id='word_1_54' title='bbox 183 1304 274 1385; x_wconf 91' lang='lat' dir='ltr'>quod</span> <span class='ocrx_word' id='word_1_55' title='bbox 293 1301 346 1380; x_wconf 84' lang='lat' dir='ltr'>lit,</span> <span class='ocrx_word' id='word_1_56' title='bbox 378 1322 511 1366; x_wconf 87' lang='lat' dir='ltr'>acausa</span> <span class='ocrx_word' id='word_1_57' title='bbox 532 1306 666 1387; x_wconf 75' lang='lat' dir='ltr'>qnadm</span> <span class='ocrx_word' id='word_1_58' title='bbox 687 1304 756 1367; x_wconf 86' lang='lat' dir='ltr'>fiat.</span> <span class='ocrx_word' id='word_1_59' title='bbox 799 1305 974 1371; x_wconf 80' lang='lat' dir='ltr'>Enimvero</span> <span class='ocrx_word' id='word_1_60' title='bbox 997 1306 1127 1371; x_wconf 87' lang='lat' dir='ltr'>Aristo-</span> 
     </span>
     <span class='ocr_line' id='line_1_10' title="bbox 118 1405 1126 1493; baseline 0.008 -26"><span class='ocrx_word' id='word_1_61' title='bbox 118 1405 200 1468; x_wconf 86' lang='lat' dir='ltr'>teles</span> <span class='ocrx_word' id='word_1_62' title='bbox 223 1405 255 1468; x_wconf 93' lang='lat' dir='ltr'>in</span> <span class='ocrx_word' id='word_1_63' title='bbox 276 1405 528 1488; x_wconf 88' lang='lat' dir='ltr'>Metaphysicis,</span> <span class='ocrx_word' id='word_1_64' title='bbox 565 1406 622 1470; x_wconf 91' lang='lat' dir='ltr'>ubi</span> <span class='ocrx_word' id='word_1_65' title='bbox 652 1407 866 1487; x_wconf 78' lang='lat' dir='ltr'>intellexerat,</span> <span class='ocrx_word' id='word_1_66' title='bbox 905 1409 980 1493; x_wconf 90' lang='lat' dir='ltr'>quid</span> <span class='ocrx_word' id='word_1_67' title='bbox 1007 1431 1049 1473; x_wconf 81' lang='lat' dir='ltr'>ex</span> <span class='ocrx_word' id='word_1_68' title='bbox 1076 1410 1126 1475; x_wconf 84' lang='lat' dir='ltr'>his</span> 
     </span>
     <span class='ocr_line' id='line_1_11' title="bbox 118 1508 1127 1595; baseline 0.005 -23"><span class='ocrx_word' id='word_1_69' title='bbox 118 1509 247 1572; x_wconf 82' lang='lat' dir='ltr'>duobus</span> <span class='ocrx_word' id='word_1_70' title='bbox 279 1508 441 1592; x_wconf 83' lang='lat' dir='ltr'>principiis</span> <span class='ocrx_word' id='word_1_71' title='bbox 476 1521 648 1593; x_wconf 78' lang='lat' dir='ltr'>sequamr,</span> <span class='ocrx_word' id='word_1_72' title='bbox 687 1514 837 1595; x_wconf 91' lang='lat' dir='ltr'>quodque</span> <span class='ocrx_word' id='word_1_73' title='bbox 874 1514 1028 1577; x_wconf 88' lang='lat' dir='ltr'>ambobus</span> <span class='ocrx_word' id='word_1_74' title='bbox 1063 1514 1127 1585; x_wconf 81' lang='lat' dir='ltr'>illis</span> 
     </span>
     <span class='ocr_line' id='line_1_12' title="bbox 117 1609 1126 1698; baseline 0.002 -20"><span class='ocrx_word' id='word_1_75' title='bbox 117 1612 218 1678; x_wconf 75' lang='lat' dir='ltr'>lin-mis</span> <span class='ocrx_word' id='word_1_76' title='bbox 240 1609 455 1688; x_wconf 86' lang='lat' dir='ltr'>manentibus,</span> <span class='ocrx_word' id='word_1_77' title='bbox 490 1612 561 1676; x_wconf 87' lang='lat' dir='ltr'>lieri</span> <span class='ocrx_word' id='word_1_78' title='bbox 581 1613 672 1675; x_wconf 87' lang='lat' dir='ltr'>aliter</span> <span class='ocrx_word' id='word_1_79' title='bbox 692 1634 758 1677; x_wconf 93' lang='lat' dir='ltr'>non</span> <span class='ocrx_word' id='word_1_80' title='bbox 779 1612 904 1695; x_wconf 84' lang='lat' dir='ltr'>possit,</span> <span class='ocrx_word' id='word_1_81' title='bbox 937 1635 1030 1698; x_wconf 89' lang='lat' dir='ltr'>quam</span> <span class='ocrx_word' id='word_1_82' title='bbox 1050 1628 1126 1680; x_wconf 92' lang='lat' dir='ltr'>uta</span> 
     </span>
     <span class='ocr_line' id='line_1_13' title="bbox 118 1701 1158 1806; baseline 0.002 -26"><span class='ocrx_word' id='word_1_83' title='bbox 118 1715 239 1780; x_wconf 76' lang='lat' dir='ltr'>mtnris</span> <span class='ocrx_word' id='word_1_84' title='bbox 261 1714 474 1800; x_wconf 80' lang='lat' dir='ltr'>contingentia</span> <span class='ocrx_word' id='word_1_85' title='bbox 495 1716 644 1790; x_wconf 80' lang='lat' dir='ltr'>exuleut3</span> <span class='ocrx_word' id='word_1_86' title='bbox 666 1735 706 1778; x_wconf 88' lang='lat' dir='ltr'>ne</span> <span class='ocrx_word' id='word_1_87' title='bbox 729 1715 937 1800; x_wconf 78' lang='lat' dir='ltr'>contingente</span> <span class='ocrx_word' id='word_1_88' title='bbox 958 1739 1017 1782; x_wconf 89' lang='lat' dir='ltr'>suo</span> <span class='ocrx_word' id='word_1_89' title='bbox 1039 1701 1126 1782; x_wconf 61' lang='lat' dir='ltr'>exciss</span> <span class='ocrx_word' id='word_1_90' title='bbox 1155 1801 1158 1806; x_wconf 25' lang='grc'>1</span> 
     </span>
     <span class='ocr_line' id='line_1_14' title="bbox 119 1817 1124 1903; baseline 0 -19"><span class='ocrx_word' id='word_1_91' title='bbox 119 1822 196 1894; x_wconf 84' lang='lat' dir='ltr'>dat,</span> <span class='ocrx_word' id='word_1_92' title='bbox 235 1818 369 1880; x_wconf 86' lang='lat' dir='ltr'>alterum</span> <span class='ocrx_word' id='word_1_93' title='bbox 398 1819 514 1882; x_wconf 89' lang='lat' dir='ltr'>horum</span> <span class='ocrx_word' id='word_1_94' title='bbox 547 1817 777 1903; x_wconf 77' lang='lat' dir='ltr'>principiorum</span> <span class='ocrx_word' id='word_1_95' title='bbox 810 1818 916 1896; x_wconf 91' lang='lat' dir='ltr'>tollit,</span> <span class='ocrx_word' id='word_1_96' title='bbox 955 1820 1124 1903; x_wconf 85' lang='lat' dir='ltr'>statuitque</span> 
     </span>
     <span class='ocr_line' id='line_1_15' title="bbox 113 1923 1121 2010; baseline 0 -25"><span class='ocrx_word' id='word_1_97' title='bbox 113 1923 278 2007; x_wconf 83' lang='lat' dir='ltr'>quaedam</span> <span class='ocrx_word' id='word_1_98' title='bbox 305 1941 394 1998; x_wconf 85' lang='lat' dir='ltr'>esse,</span> <span class='ocrx_word' id='word_1_99' title='bbox 431 1943 511 2006; x_wconf 88' lang='lat' dir='ltr'>quae</span> <span class='ocrx_word' id='word_1_100' title='bbox 539 1924 659 2006; x_wconf 82' lang='lat' dir='ltr'>absque</span> <span class='ocrx_word' id='word_1_101' title='bbox 688 1943 781 1984; x_wconf 87' lang='lat' dir='ltr'>causa</span> <span class='ocrx_word' id='word_1_102' title='bbox 809 1941 995 2005; x_wconf 89' lang='lat' dir='ltr'>quacunque</span> <span class='ocrx_word' id='word_1_103' title='bbox 1023 1923 1121 2010; x_wconf 86' lang='lat' dir='ltr'>fiant,</span> 
     </span>
     <span class='ocr_line' id='line_1_16' title="bbox 120 2022 1169 2109; baseline 0.002 -19"><span class='ocrx_word' id='word_1_104' title='bbox 120 2025 257 2090; x_wconf 82' lang='lat' dir='ltr'>ridicule</span> <span class='ocrx_word' id='word_1_105' title='bbox 276 2022 310 2088; x_wconf 95' lang='lat' dir='ltr'>id</span> <span class='ocrx_word' id='word_1_106' title='bbox 330 2026 417 2109; x_wconf 91' lang='lat' dir='ltr'>quod</span> <span class='ocrx_word' id='word_1_107' title='bbox 438 2026 583 2090; x_wconf 90' lang='lat' dir='ltr'>omnibus</span> <span class='ocrx_word' id='word_1_108' title='bbox 605 2025 731 2090; x_wconf 84' lang='lat' dir='ltr'>ridetur</span> <span class='ocrx_word' id='word_1_109' title='bbox 751 2025 884 2101; x_wconf 92' lang='lat' dir='ltr'>tollens,</span> <span class='ocrx_word' id='word_1_110' title='bbox 919 2024 952 2088; x_wconf 95' lang='lat' dir='ltr'>id</span> <span class='ocrx_word' id='word_1_111' title='bbox 972 2046 1051 2090; x_wconf 83' lang='lat' dir='ltr'>vero</span> <span class='ocrx_word' id='word_1_112' title='bbox 1074 2025 1125 2092; x_wconf 89' lang='lat' dir='ltr'>oui</span> <span class='ocrx_word' id='word_1_113' title='bbox 1167 2097 1169 2108; x_wconf 28' lang='lat'><strong>⁴</strong></span> 
     </span>
     <span class='ocr_line' id='line_1_17' title="bbox 121 2128 1124 2213; baseline 0.001 -20"><span class='ocrx_word' id='word_1_114' title='bbox 121 2151 140 2193; x_wconf 88' lang='lat' dir='ltr'>a</span> <span class='ocrx_word' id='word_1_115' title='bbox 166 2128 329 2212; x_wconf 84' lang='lat' dir='ltr'>plerisque</span> <span class='ocrx_word' id='word_1_116' title='bbox 360 2129 604 2206; x_wconf 86' lang='lat' dir='ltr'>contradicitur,</span> <span class='ocrx_word' id='word_1_117' title='bbox 652 2142 800 2213; x_wconf 89' lang='lat' dir='ltr'>tanquam</span> <span class='ocrx_word' id='word_1_118' title='bbox 836 2128 948 2192; x_wconf 87' lang='lat' dir='ltr'>stabile</span> <span class='ocrx_word' id='word_1_119' title='bbox 983 2150 1124 2194; x_wconf 87' lang='lat' dir='ltr'>sumens.</span> 
     </span>
     <span class='ocr_line' id='line_1_18' title="bbox 122 2232 1178 2318; baseline 0.002 -22"><span class='ocrx_word' id='word_1_120' title='bbox 122 2233 189 2296; x_wconf 87' lang='lat' dir='ltr'>Sed</span> <span class='ocrx_word' id='word_1_121' title='bbox 220 2232 380 2296; x_wconf 83' lang='lat' dir='ltr'>videamus</span> <span class='ocrx_word' id='word_1_122' title='bbox 412 2254 474 2316; x_wconf 86' lang='lat' dir='ltr'>qua</span> <span class='ocrx_word' id='word_1_123' title='bbox 502 2232 534 2295; x_wconf 93' lang='lat' dir='ltr'>in</span> <span class='ocrx_word' id='word_1_124' title='bbox 561 2244 654 2316; x_wconf 85' lang='lat' dir='ltr'>parte</span> <span class='ocrx_word' id='word_1_125' title='bbox 684 2233 748 2296; x_wconf 90' lang='lat' dir='ltr'>hoc</span> <span class='ocrx_word' id='word_1_126' title='bbox 776 2232 980 2318; x_wconf 82' lang='lat' dir='ltr'>contingens,</span> <span class='ocrx_word' id='word_1_127' title='bbox 1029 2246 1061 2297; x_wconf 89' lang='lat' dir='ltr'>et</span> <span class='ocrx_word' id='word_1_128' title='bbox 1088 2233 1123 2298; x_wconf 89' lang='lat' dir='ltr'>iu</span> <span class='ocrx_word' id='word_1_129' title='bbox 1173 2259 1178 2268; x_wconf 89' lang='lat'><strong>·</strong></span> 
     </span>
     <span class='ocr_line' id='line_1_19' title="bbox 120 2335 1124 2420; baseline 0.002 -20"><span class='ocrx_word' id='word_1_130' title='bbox 120 2347 290 2419; x_wconf 85' lang='lat' dir='ltr'>utramque</span> <span class='ocrx_word' id='word_1_131' title='bbox 317 2347 437 2418; x_wconf 89' lang='lat' dir='ltr'>partem</span> <span class='ocrx_word' id='word_1_132' title='bbox 472 2355 572 2420; x_wconf 86' lang='lat' dir='ltr'>aeque</span> <span class='ocrx_word' id='word_1_133' title='bbox 603 2337 762 2418; x_wconf 89' lang='lat' dir='ltr'>pendens,</span> <span class='ocrx_word' id='word_1_134' title='bbox 798 2335 833 2398; x_wconf 94' lang='lat' dir='ltr'>hi</span> <span class='ocrx_word' id='word_1_135' title='bbox 865 2335 920 2418; x_wconf 90' lang='lat' dir='ltr'>qui</span> <span class='ocrx_word' id='word_1_136' title='bbox 955 2335 1124 2402; x_wconf 87' lang='lat' dir='ltr'>Aristoteli</span> 
     </span>
     <span class='ocr_line' id='line_1_20' title="bbox 121 2423 1123 2524; baseline 0 -20"><span class='ocrx_word' id='word_1_137' title='bbox 121 2437 364 2524; x_wconf 85' lang='lat' dir='ltr'>patrocinantur</span> <span class='ocrx_word' id='word_1_138' title='bbox 390 2423 562 2504; x_wconf 88' lang='lat' dir='ltr'>collocent.</span> <span class='ocrx_word' id='word_1_139' title='bbox 619 2440 702 2502; x_wconf 87' lang='lat' dir='ltr'>Nam</span> <span class='ocrx_word' id='word_1_140' title='bbox 723 2437 750 2501; x_wconf 89' lang='lat' dir='ltr'>si</span> <span class='ocrx_word' id='word_1_141' title='bbox 770 2437 803 2501; x_wconf 92' lang='lat' dir='ltr'>id</span> <span class='ocrx_word' id='word_1_142' title='bbox 823 2436 856 2500; x_wconf 90' lang='lat' dir='ltr'>in</span> <span class='ocrx_word' id='word_1_143' title='bbox 878 2437 1041 2501; x_wconf 84' lang='lat' dir='ltr'>voluntate</span> <span class='ocrx_word' id='word_1_144' title='bbox 1062 2459 1123 2504; x_wconf 88' lang='lat' dir='ltr'>no-</span> 
     </span>
     <span class='ocr_line' id='line_1_21' title="bbox 122 2540 1123 2634; baseline -0.003 -26"><span class='ocrx_word' id='word_1_145' title='bbox 122 2556 189 2608; x_wconf 78' lang='lat' dir='ltr'>stra</span> <span class='ocrx_word' id='word_1_146' title='bbox 210 2553 352 2626; x_wconf 88' lang='lat' dir='ltr'>ponunt,</span> <span class='ocrx_word' id='word_1_147' title='bbox 375 2541 431 2606; x_wconf 87' lang='lat' dir='ltr'>ubi</span> <span class='ocrx_word' id='word_1_148' title='bbox 452 2555 484 2606; x_wconf 90' lang='lat' dir='ltr'>et</span> <span class='ocrx_word' id='word_1_149' title='bbox 504 2563 626 2626; x_wconf 88' lang='lat' dir='ltr'>ponere</span> <span class='ocrx_word' id='word_1_150' title='bbox 647 2540 811 2634; x_wconf 83' lang='lat' dir='ltr'>ridentur,</span> <span class='ocrx_word' id='word_1_151' title='bbox 842 2551 895 2604; x_wconf 88' lang='lat' dir='ltr'>aut</span> <span class='ocrx_word' id='word_1_152' title='bbox 916 2540 1041 2605; x_wconf 88' lang='lat' dir='ltr'>moveri</span> <span class='ocrx_word' id='word_1_153' title='bbox 1054 2563 1123 2632; x_wconf 81' lang='lat' dir='ltr'>¹ro·</span> 
     </span>
     <span class='ocr_line' id='line_1_22' title="bbox 122 2643 1122 2728; baseline -0.001 -18"><span class='ocrx_word' id='word_1_154' title='bbox 122 2647 273 2712; x_wconf 78' lang='lat' dir='ltr'>luntatem</span> <span class='ocrx_word' id='word_1_155' title='bbox 304 2657 446 2710; x_wconf 84' lang='lat' dir='ltr'>nostram</span> <span class='ocrx_word' id='word_1_156' title='bbox 480 2657 616 2711; x_wconf 86' lang='lat' dir='ltr'>statuent</span> <span class='ocrx_word' id='word_1_157' title='bbox 648 2666 667 2708; x_wconf 87' lang='lat' dir='ltr'>a</span> <span class='ocrx_word' id='word_1_158' title='bbox 700 2646 819 2720; x_wconf 86' lang='lat' dir='ltr'>rebus,</span> <span class='ocrx_word' id='word_1_159' title='bbox 871 2662 951 2728; x_wconf 88' lang='lat' dir='ltr'>quae</span> <span class='ocrx_word' id='word_1_160' title='bbox 983 2665 1002 2706; x_wconf 87' lang='lat' dir='ltr'>a</span> <span class='ocrx_word' id='word_1_161' title='bbox 1036 2643 1122 2710; x_wconf 85' lang='lat' dir='ltr'>nulla</span> 
     </span>
     <span class='ocr_line' id='line_1_23' title="bbox 123 2745 1123 2830; baseline -0.001 -17"><span class='ocrx_word' id='word_1_162' title='bbox 123 2761 294 2814; x_wconf 83' lang='lat' dir='ltr'>nascuntur</span> <span class='ocrx_word' id='word_1_163' title='bbox 322 2773 433 2828; x_wconf 81' lang='lat' dir='ltr'>causa3</span> <span class='ocrx_word' id='word_1_164' title='bbox 469 2752 527 2815; x_wconf 84' lang='lat' dir='ltr'>sed</span> <span class='ocrx_word' id='word_1_165' title='bbox 555 2761 673 2814; x_wconf 88' lang='lat' dir='ltr'>temere</span> <span class='ocrx_word' id='word_1_166' title='bbox 695 2769 732 2812; x_wconf 86' lang='lat' dir='ltr'>ac</span> <span class='ocrx_word' id='word_1_167' title='bbox 752 2748 891 2824; x_wconf 84' lang='lat' dir='ltr'>frustra,</span> <span class='ocrx_word' id='word_1_168' title='bbox 929 2745 983 2830; x_wconf 89' lang='lat' dir='ltr'>qui</span> <span class='ocrx_word' id='word_1_169' title='bbox 1003 2758 1039 2809; x_wconf 91' lang='lat' dir='ltr'>ut</span> <span class='ocrx_word' id='word_1_170' title='bbox 1058 2747 1123 2812; x_wconf 89' lang='lat' dir='ltr'>hoe</span> 
     </span>
     <span class='ocr_line' id='line_1_24' title="bbox 120 2848 1122 2927; baseline -0.001 -9"><span class='ocrx_word' id='word_1_171' title='bbox 120 2865 339 2921; x_wconf 87' lang='lat' dir='ltr'>ornamentum</span> <span class='ocrx_word' id='word_1_172' title='bbox 360 2853 478 2918; x_wconf 89' lang='lat' dir='ltr'>animae</span> <span class='ocrx_word' id='word_1_173' title='bbox 498 2866 628 2918; x_wconf 87' lang='lat' dir='ltr'>nostrae</span> <span class='ocrx_word' id='word_1_174' title='bbox 657 2851 846 2927; x_wconf 89' lang='lat' dir='ltr'>concilient,</span> <span class='ocrx_word' id='word_1_175' title='bbox 885 2848 1055 2916; x_wconf 82' lang='lat' dir='ltr'>vanitatem</span> <span class='ocrx_word' id='word_1_176' title='bbox 1074 2851 1122 2916; x_wconf 90' lang='lat' dir='ltr'>illi</span> 
     </span>
     <span class='ocr_line' id='line_1_25' title="bbox 120 2953 1121 3037; baseline -0.001 -18"><span class='ocrx_word' id='word_1_177' title='bbox 120 2957 311 3035; x_wconf 88' lang='lat' dir='ltr'>conciliant,</span> <span class='ocrx_word' id='word_1_178' title='bbox 339 2970 394 3022; x_wconf 90' lang='lat' dir='ltr'>aut</span> <span class='ocrx_word' id='word_1_179' title='bbox 415 2957 443 3022; x_wconf 86' lang='lat' dir='ltr'>si</span> <span class='ocrx_word' id='word_1_180' title='bbox 463 2979 481 3020; x_wconf 90' lang='lat' dir='ltr'>a</span> <span class='ocrx_word' id='word_1_181' title='bbox 502 2977 582 3022; x_wconf 84' lang='lat' dir='ltr'>vero</span> <span class='ocrx_word' id='word_1_182' title='bbox 604 2955 656 3020; x_wconf 86' lang='lat' dir='ltr'>vel</span> <span class='ocrx_word' id='word_1_183' title='bbox 677 2953 841 3037; x_wconf 89' lang='lat' dir='ltr'>apparenti</span> <span class='ocrx_word' id='word_1_184' title='bbox 861 2953 950 3018; x_wconf 91' lang='lat' dir='ltr'>bono</span> <span class='ocrx_word' id='word_1_185' title='bbox 973 2955 1121 3018; x_wconf 82' lang='lat' dir='ltr'>volunta·</span> 
     </span>
     <span class='ocr_line' id='line_1_26' title="bbox 120 3057 1121 3142; baseline -0.003 -19"><span class='ocrx_word' id='word_1_186' title='bbox 120 3072 184 3129; x_wconf 84' lang='lat' dir='ltr'>tem</span> <span class='ocrx_word' id='word_1_187' title='bbox 204 3073 348 3126; x_wconf 86' lang='lat' dir='ltr'>nostram</span> <span class='ocrx_word' id='word_1_188' title='bbox 369 3061 493 3126; x_wconf 86' lang='lat' dir='ltr'>moveri</span> <span class='ocrx_word' id='word_1_189' title='bbox 513 3057 745 3134; x_wconf 85' lang='lat' dir='ltr'>concesserint,</span> <span class='ocrx_word' id='word_1_190' title='bbox 770 3057 1031 3142; x_wconf 86' lang='lat' dir='ltr'>quemadmodum</span> <span class='ocrx_word' id='word_1_191' title='bbox 1045 3076 1121 3120; x_wconf 85' lang='lat' dir='ltr'>sane</span> 
     </span>
     <span class='ocr_line' id='line_1_27' title="bbox 99 3151 1159 3241; baseline -0.005 -12"><span class='ocrx_word' id='word_1_192' title='bbox 99 3163 246 3232; x_wconf 81' lang='lat' dir='ltr'>,moveri</span> <span class='ocrx_word' id='word_1_193' title='bbox 266 3164 408 3241; x_wconf 88' lang='lat' dir='ltr'>videtur,</span> <span class='ocrx_word' id='word_1_194' title='bbox 445 3151 574 3228; x_wconf 78' lang='lat' dir='ltr'>uece&#39;sse</span> <span class='ocrx_word' id='word_1_195' title='bbox 602 3162 694 3226; x_wconf 83' lang='lat' dir='ltr'>etiam</span> <span class='ocrx_word' id='word_1_196' title='bbox 722 3170 770 3225; x_wconf 89' lang='lat' dir='ltr'>est</span> <span class='ocrx_word' id='word_1_197' title='bbox 792 3163 921 3224; x_wconf 89' lang='lat' dir='ltr'>eandem</span> <span class='ocrx_word' id='word_1_198' title='bbox 942 3157 1121 3224; x_wconf 85' lang='lat' dir='ltr'>necessario</span> <span class='ocrx_word' id='word_1_199' title='bbox 1154 3167 1159 3174; x_wconf 85' lang='grc'><em>“</em></span> 
     </span>
     <span class='ocr_line' id='line_1_28' title="bbox 118 3264 1121 3351; baseline -0.01 -19"><span class='ocrx_word' id='word_1_200' title='bbox 118 3266 247 3332; x_wconf 84' lang='lat' dir='ltr'>moveri</span> <span class='ocrx_word' id='word_1_201' title='bbox 261 3271 446 3332; x_wconf 84' lang='lat' dir='ltr'>concedant.</span> <span class='ocrx_word' id='word_1_202' title='bbox 489 3266 637 3332; x_wconf 83' lang='lat' dir='ltr'>Efficitur</span> <span class='ocrx_word' id='word_1_203' title='bbox 658 3287 738 3351; x_wconf 85' lang='lat' dir='ltr'>ergo</span> <span class='ocrx_word' id='word_1_204' title='bbox 763 3264 957 3328; x_wconf 83' lang='lat' dir='ltr'>voluntatem</span> <span class='ocrx_word' id='word_1_205' title='bbox 977 3271 1121 3324; x_wconf 87' lang='lat' dir='ltr'>nostram</span> 
     </span>
     <span class='ocr_line' id='line_1_29' title="bbox 118 3365 1120 3454; baseline -0.005 -20"><span class='ocrx_word' id='word_1_206' title='bbox 118 3391 186 3434; x_wconf 87' lang='lat' dir='ltr'>non</span> <span class='ocrx_word' id='word_1_207' title='bbox 207 3370 333 3434; x_wconf 84' lang='lat' dir='ltr'>moveri</span> <span class='ocrx_word' id='word_1_208' title='bbox 352 3394 371 3435; x_wconf 87' lang='lat' dir='ltr'>a</span> <span class='ocrx_word' id='word_1_209' title='bbox 391 3393 425 3435; x_wconf 84' lang='lat' dir='ltr'>se</span> <span class='ocrx_word' id='word_1_210' title='bbox 445 3370 531 3454; x_wconf 88' lang='lat' dir='ltr'>ipsa,</span> <span class='ocrx_word' id='word_1_211' title='bbox 565 3368 718 3453; x_wconf 85' lang='lat' dir='ltr'>siquidem</span> <span class='ocrx_word' id='word_1_212' title='bbox 745 3369 784 3431; x_wconf 92' lang='lat' dir='ltr'>ab</span> <span class='ocrx_word' id='word_1_213' title='bbox 812 3365 972 3428; x_wconf 88' lang='lat' dir='ltr'>intellectu</span> <span class='ocrx_word' id='word_1_214' title='bbox 1004 3374 1120 3429; x_wconf 88' lang='lat' dir='ltr'>nostro</span> 
     </span>
     <span class='ocr_line' id='line_1_30' title="bbox 120 3466 1121 3559; baseline -0.007 -21"><span class='ocrx_word' id='word_1_215' title='bbox 120 3485 216 3559; x_wconf 84' lang='lat' dir='ltr'>atque</span> <span class='ocrx_word' id='word_1_216' title='bbox 238 3473 327 3538; x_wconf 87' lang='lat' dir='ltr'>bono</span> <span class='ocrx_word' id='word_1_217' title='bbox 348 3474 469 3540; x_wconf 84' lang='lat' dir='ltr'>moveri</span> <span class='ocrx_word' id='word_1_218' title='bbox 491 3485 635 3548; x_wconf 85' lang='lat' dir='ltr'>constat,</span> <span class='ocrx_word' id='word_1_219' title='bbox 669 3481 769 3535; x_wconf 88' lang='lat' dir='ltr'>totam</span> <span class='ocrx_word' id='word_1_220' title='bbox 798 3489 878 3534; x_wconf 88' lang='lat' dir='ltr'>vero</span> <span class='ocrx_word' id='word_1_221' title='bbox 906 3466 1038 3540; x_wconf 87' lang='lat' dir='ltr'>animam</span> <span class='ocrx_word' id='word_1_222' title='bbox 1060 3487 1121 3532; x_wconf 86' lang='lat' dir='ltr'>no·</span> 
     </span>
     <span class='ocr_line' id='line_1_31' title="bbox 119 3569 1120 3660; baseline -0.007 -19"><span class='ocrx_word' id='word_1_223' title='bbox 119 3589 219 3644; x_wconf 79' lang='lat' dir='ltr'>otram</span> <span class='ocrx_word' id='word_1_224' title='bbox 241 3597 277 3640; x_wconf 88' lang='lat' dir='ltr'>se</span> <span class='ocrx_word' id='word_1_225' title='bbox 297 3577 396 3660; x_wconf 89' lang='lat' dir='ltr'>ipsam</span> <span class='ocrx_word' id='word_1_226' title='bbox 417 3598 570 3653; x_wconf 86' lang='lat' dir='ltr'>movere,</span> <span class='ocrx_word' id='word_1_227' title='bbox 616 3577 690 3637; x_wconf 87' lang='lat' dir='ltr'>dum</span> <span class='ocrx_word' id='word_1_228' title='bbox 710 3584 800 3656; x_wconf 87' lang='lat' dir='ltr'>parte</span> <span class='ocrx_word' id='word_1_229' title='bbox 821 3592 878 3635; x_wconf 90' lang='lat' dir='ltr'>sua</span> <span class='ocrx_word' id='word_1_230' title='bbox 898 3569 1050 3653; x_wconf 89' lang='lat' dir='ltr'>reliquam</span> <span class='ocrx_word' id='word_1_231' title='bbox 1071 3569 1120 3634; x_wconf 82' lang='lat' dir='ltr'>eui</span> 
     </span>
     <span class='ocr_line' id='line_1_32' title="bbox 119 3672 1116 3764; baseline -0.011 -17"><span class='ocrx_word' id='word_1_232' title='bbox 119 3693 243 3764; x_wconf 84' lang='lat' dir='ltr'>partem</span> <span class='ocrx_word' id='word_1_233' title='bbox 264 3694 386 3746; x_wconf 82' lang='lat' dir='ltr'>movet.</span> <span class='ocrx_word' id='word_1_234' title='bbox 431 3682 512 3746; x_wconf 89' lang='lat' dir='ltr'>Sane</span> <span class='ocrx_word' id='word_1_235' title='bbox 539 3691 570 3742; x_wconf 87' lang='lat' dir='ltr'>et</span> <span class='ocrx_word' id='word_1_236' title='bbox 595 3676 785 3743; x_wconf 81' lang='lat' dir='ltr'>Aristoteles</span> <span class='ocrx_word' id='word_1_237' title='bbox 814 3675 883 3738; x_wconf 86' lang='lat' dir='ltr'>vult</span> <span class='ocrx_word' id='word_1_238' title='bbox 910 3672 1116 3752; x_wconf 83' lang='lat' dir='ltr'>confirmare,</span> 
     </span>
     <span class='ocr_line' id='line_1_33' title="bbox 119 3775 1170 3870; baseline -0.01 -21"><span class='ocrx_word' id='word_1_239' title='bbox 119 3786 208 3870; x_wconf 89' lang='lat' dir='ltr'>quod</span> <span class='ocrx_word' id='word_1_240' title='bbox 230 3783 332 3848; x_wconf 86' lang='lat' dir='ltr'>anima</span> <span class='ocrx_word' id='word_1_241' title='bbox 354 3805 372 3847; x_wconf 80' lang='lat' dir='ltr'>a</span> <span class='ocrx_word' id='word_1_242' title='bbox 393 3803 428 3848; x_wconf 88' lang='lat' dir='ltr'>se</span> <span class='ocrx_word' id='word_1_243' title='bbox 448 3784 518 3868; x_wconf 90' lang='lat' dir='ltr'>ipsa</span> <span class='ocrx_word' id='word_1_244' title='bbox 537 3793 716 3848; x_wconf 86' lang='lat' dir='ltr'>moveatur.</span> <span class='ocrx_word' id='word_1_245' title='bbox 759 3778 855 3858; x_wconf 86' lang='lat' dir='ltr'>(Nam</span> <span class='ocrx_word' id='word_1_246' title='bbox 876 3797 935 3842; x_wconf 88' lang='lat' dir='ltr'>neo</span> <span class='ocrx_word' id='word_1_247' title='bbox 957 3775 1119 3840; x_wconf 88' lang='lat' dir='ltr'>Aristote·</span> <span class='ocrx_word' id='word_1_248' title='bbox 1165 3845 1170 3854; x_wconf 59' lang='grc'>,</span> 
     </span>
    </p>
   </div>
   <div class='ocr_carea' id='block_1_6' title="bbox 118 3878 1120 3972">
    <p class='ocr_par' dir='ltr' id='par_1_6' title="bbox 118 3878 1120 3972">
     <span class='ocr_line' id='line_1_34' title="bbox 118 3878 1120 3972; baseline -0.012 -18"><span class='ocrx_word' id='word_1_249' title='bbox 118 3887 166 3954; x_wconf 75' lang='lat' dir='ltr'>te</span> <span class='ocrx_word' id='word_1_250' title='bbox 188 3897 238 3954; x_wconf 81' lang='lat' dir='ltr'>eat</span> <span class='ocrx_word' id='word_1_251' title='bbox 259 3885 291 3952; x_wconf 89' lang='lat' dir='ltr'>iu</span> <span class='ocrx_word' id='word_1_252' title='bbox 316 3887 373 3970; x_wconf 81' lang='lat' dir='ltr'>iis,</span> <span class='ocrx_word' id='word_1_253' title='bbox 408 3887 593 3972; x_wconf 76' lang='lat' dir='ltr'>quasillum</span> <span class='ocrx_word' id='word_1_254' title='bbox 615 3887 695 3950; x_wconf 85' lang='lat' dir='ltr'>bene</span> <span class='ocrx_word' id='word_1_255' title='bbox 717 3881 833 3950; x_wconf 80' lang='lat' dir='ltr'>dixisse</span> <span class='ocrx_word' id='word_1_256' title='bbox 849 3878 1046 3948; x_wconf 80' lang='lat' dir='ltr'>manifestum</span> <span class='ocrx_word' id='word_1_257' title='bbox 1071 3889 1120 3944; x_wconf 85' lang='lat' dir='ltr'>est</span> 
     </span>
    </p>
   </div>
   <div class='ocr_carea' id='block_1_7' title="bbox 0 0 1382 4510">
    <p class='ocr_par' dir='ltr' id='par_1_7' title="bbox 0 0 1382 4510">
     <span class='ocr_line' id='line_1_35' title="bbox 0 0 1382 4510; baseline 0 1"><span class='ocrx_word' id='word_1_258' title='bbox 0 0 1382 4510; x_wconf 95' lang='lat' dir='ltr'> </span> 
     </span>
    </p>
   </div>
  </div>
 </body>
</html>
