2748 4514
1028 316 1031 326 ’
1076 325 1135 387 tao

112 513 179 575 per
201 487 368 561 accidens,
401 487 426 549 si
449 487 480 548 id
502 486 624 550 medico
648 487 789 550 accidens
811 489 918 552 suerit.
963 491 1134 559 Praeterea

114 615 180 677 per
202 591 350 654 accidens
380 589 517 650 medicus
551 601 597 651 ost
627 611 719 652 cansa
749 590 895 654 effectiva
928 591 1131 676 gracilitatis,

114 694 258 776 exempli
290 713 407 767 cansa,
438 691 465 752 si
493 690 538 752 illi
571 691 626 774 qni
659 704 803 768 curatur,
843 693 874 755 id
896 693 1038 756 accidens
1065 697 1135 761 fue-

114 799 173 861 rit.
219 798 329 878 Quum
352 794 453 880 igitur·
478 815 642 856 causarum
671 798 822 878 quaedam
854 817 913 877 per
946 817 997 874 se,
1037 819 1134 880 quae.

119 905 192 964 dam
222 921 283 982 per
312 896 474 972 accidens,
517 909 549 958 et
577 896 659 958 inter
687 915 795 959 causas
824 919 883 978 per
907 921 942 961 se
969 901 1046 981 poni
1070 923 1136 966 non

116 1014 227 1088 potest
255 1001 325 1092 ipsa
349 999 513 1076 Fortuna,
548 999 704 1086 reliquum
732 993 780 1062 ost
809 1012 844 1063 ut
873 1003 912 1062 ad
940 1023 1048 1064 causas
1076 1025 1136 1085 pon

118 1106 266 1169 accidens
288 1113 481 1166 revocetur:
506 1123 587 1184 quae
610 1100 691 1163 euim
714 1101 801 1165 linita
823 1125 860 1165 ao
882 1104 946 1167 fixa
964 1117 1052 1182 sunt,
1077 1128 1159 1187 perf

118 1207 268 1272 accidens
291 1201 447 1268 essenon
469 1215 621 1286 possunt:
660 1226 741 1286 quae
763 1218 866 1269 autem
888 1228 947 1289 per
969 1208 1132 1285 accidens,

118 1309 285 1374 indefinita
323 1319 418 1390 atque
453 1306 610 1369 instabilia
645 1319 733 1384 sunt,
783 1309 957 1374 cuiusmodi
993 1313 1135 1377 Fortuna

120 1433 255 1498 quoque
283 1433 350 1474 esse
379 1410 474 1473 solet.
532 1409 703 1472 Indefinita
731 1410 812 1474 enirn
842 1435 922 1496 qnae
944 1427 1055 1478 causae
1076 1437 1135 1496 per

119 1537 156 1580 se
177 1527 210 1579 et
239 1514 372 1598 proprie
405 1513 452 1575 sic
480 1511 579 1575 dictae
609 1512 750 1576 accidere
782 1528 932 1595 possunt,
972 1517 1076 1580 omnia
1104 1529 1136 1582 et
1207 1555 1211 1564 ·

120 1621 189 1703 ipsa
213 1639 327 1684 causae
357 1637 422 1705 per
444 1614 586 1676 accidens
615 1615 707 1678 fiunt.
766 1616 830 1680 Sed
860 1618 887 1680 si
915 1621 1059 1684 Fortuna
1088 1633 1136 1684 est
1179 1683 1186 1692 ,

118 1745 213 1786 eausa
237 1741 297 1803 per
322 1719 482 1792 accidens,
519 1729 650 1798 oportet
672 1703 821 1781 ut'alioui
844 1743 1028 1798 cansarum,
1054 1745 1134 1806 quas

118 1824 256 1909 proprie
282 1822 446 1898 dicuntur,
483 1821 615 1883 accidat.
662 1821 766 1901 Quum
788 1821 886 1905 igitur
909 1825 1053 1888 Fortuna
1075 1827 1135 1890 ali-s

120 1929 211 2010 ouius
236 1924 286 1988 rri
306 1924 452 1986 effectiva
474 1945 567 1985 eausa
589 1945 657 1985 esse
680 1923 805 1986 videtur
839 1927 936 2008 (qnae
966 1927 1048 1990 enim
1075 1951 1134 2009 per

120 2033 300 2094 Fortunam
323 2039 413 2103 sunt,
444 2049 462 2090 a
483 2028 628 2089 Fortuna
651 2025 780 2090 dicimus
803 2028 872 2092 fieri
895 2041 926 2091 et
946 2029 1030 2092 facta
1052 2034 1134 2112 esse)

117 2147 206 2198 uerte
236 2153 321 2214 opus
352 2143 420 2206 est,
459 2142 493 2191 ut
520 2129 552 2192 in
586 2129 688 2212 aliqua
721 2130 936 2194 effectivorum
969 2154 1134 2198 causarum

118 2238 215 2312 insit,
253 2235 282 2297 si
303 2234 399 2298 modo
421 2234 527 2295 locum
550 2254 714 2296 causarum
737 2247 902 2298 servatura
923 2236 975 2299 sit.
1033 2238 1135 2320 Atqui

121 2359 237 2403 causae
258 2337 390 2419 proprie
413 2335 577 2400 effectivae
599 2348 671 2408 sunt
692 2348 819 2414 natura,
855 2360 906 2400 ars
930 2351 962 2401 et
981 2341 1134 2420 proposi·

120 2457 186 2506 tum
209 2441 279 2524 siue
303 2439 438 2512 electio;
470 2439 572 2502 omnia
596 2439 694 2515 enim,
730 2462 812 2522 quae
833 2441 965 2522 proprie
986 2442 1072 2505 finite
1095 2465 1132 2505 ao
1230 2454 1235 2465 ’

121 2558 206 2609 certe
228 2543 376 2607 effeotiva
398 2554 488 2618 sunt,
525 2541 626 2626 gratia
649 2541 778 2606 alieuius
800 2543 870 2605 finis
894 2565 948 2620 ea,
985 2567 1068 2628 quae
1091 2549 1131 2608 ah

122 2648 199 2731 ipsis
214 2648 312 2722 frunt,
335 2645 484 2708 efficiunt.
529 2647 591 2708 Sed
613 2645 753 2708 videmus
777 2646 881 2709 omnia
903 2667 983 2729 qnae
1002 2647 1131 2712 alioruus

122 2751 170 2815 rei
191 2771 285 2814 causa
306 2749 404 2823 finnt,
437 2751 475 2810 ab
499 2748 606 2831 aliquo
629 2750 744 2812 horum
765 2748 852 2812 fieri:
885 2751 1011 2813 Horum
1033 2751 1132 2836 igitur

126 2853 218 2918 alicui
239 2852 353 2917 accidit
375 2852 443 2934 ipsa
467 2853 622 2915 Fortuna.
666 2852 772 2932 Quum
795 2874 874 2916 vero
899 2851 930 2915 in
953 2856 1047 2917 rebus
1072 2876 1131 2918 vo·

122 2956 264 3022 luntariis
288 2955 413 3020 videtur
435 2975 503 3016 esse
527 2951 670 3018 Fortuna
692 2957 743 3036 (ea
757 2939 846 3018 'onim
869 2958 1046 3021 aFortuna
1062 2957 1131 3022 fieri

124 3062 265 3135 nonus,
292 3079 429 3142 quorum
446 3057 546 3142 gratia
562 3058 588 3120 si
604 3058 802 3120 statuerimus
825 3081 921 3144 agere
944 3060 1070 3142 aliquid,
1096 3072 1131 3122 ut

126 3183 403 3245 consequamur,
441 3160 472 3222 in
502 3161 614 3243 quibus
642 3163 758 3224 bonam
781 3163 955 3228 Fortunam
979 3163 1129 3239 dicimus,

125 3280 178 3331 aut
198 3266 226 3329 si
247 3286 311 3328 uon
341 3285 563 3346 assequamur,
602 3267 640 3326 de
668 3264 781 3346 quibus
814 3266 925 3326 malam
944 3266 1132 3330 Fortunam

126 3367 366 3456 praedicamus).
426 3368 568 3429 Fortuna
593 3366 698 3450 itaque
713 3367 853 3430 ⁴hominis
877 3368 1069 3430 voluntatem
1092 3391 1130 3430 ao

127 3471 327 3558 propositum
349 3482 515 3553 sequetur,
540 3482 571 3531 et
592 3470 623 3532 iu
645 3470 693 3533 his
716 3492 809 3534 eausa
824 3470 883 3533 erit
898 3491 957 3552 per
971 3471 1128 3554 arridens.
1218 3545 1224 3556 ι

128 3576 257 3660 Quoties
288 3573 371 3636 enim
400 3572 492 3636 uobis
525 3571 641 3655 aliquid
672 3595 713 3636 ex
744 3572 913 3655 proposito
944 3574 1127 3658 agentibus,

129 3701 187 3744 nou
209 3675 397 3761 propositus
419 3675 489 3738 finis
512 3688 675 3751 occurrat,
700 3676 951 3753 insidebamus,
976 3681 1032 3740 sed
1045 3678 1129 3750 aliud
1177 3733 1180 3742 .

129 3782 199 3870 quid
220 3803 280 3864 per
305 3778 448 3842 aooidons
469 3778 540 3852 fiat,
580 3777 661 3844 actio
690 3778 742 3842 illa
775 3799 815 3840 ex
842 3779 1012 3861 proposito
1035 3785 1144 3846 oausa'

128 3900 171 3952 eat
190 3885 258 3950 ein·
282 3881 371 3965 quot
393 3881 546 3956 orarunt,
581 3885 720 3950 sednon
742 3882 918 3963 propositi,
957 3895 1031 3968 tuuc
1053 3885 1127 3946 dici·

818 3987 836 4050 9
