2790 4512
177 363 183 440 ἰ
237 318 328 433 176¹

231 534 291 614 τός
313 531 464 624 δυνάμεις
486 531 670 603 ἀυτώνκαὶ
697 529 756 610 τάς
783 530 977 624 ἐνεργείας,Ι
997 524 1059 608 τάς
1086 555 1120 597 τε
1150 528 1238 598 κατά

231 634 333 732 φύσιν
354 645 410 706 και
431 635 491 718 τάς
511 634 605 729 παρά
628 632 746 730 φύσιν,
769 625 846 755 ὅπερ
869 631 962 727 παρά
985 628 1088 727 φύσιν
1109 635 1139 716 5)
1162 658 1240 702 συν·

232 741 366 823 ειςῆλθε
398 744 438 838 τῆ
471 737 637 861 ἀναγκαίᾳ
658 741 716 820 τῆς
736 734 928 864 ἀποβάσεως
949 739 1012 806 τῶν
1034 733 1137 805 όντων
1157 733 1240 832 666·

232 866 296 925 σει,
330 849 421 924 τοῐςι
437 831 493 912 καὶ
528 839 648 910 τούτου
679 844 821 964 μετέχειν
849 849 929 909 ποτέ
959 836 1161 935 πεφυκόσιν,
1199 837 1239 908 οὗ

231 951 499 1035 προηγουμένως,
522 941 610 1014 ἀλλά
631 941 718 1012 κατὰ
737 943 796 1012 τὸν
817 940 990 1033 λεγόμενον
1011 945 1070 1026 τῆς
1086 967 1240 1035 παραπο-

232 1044 377 1128 στάσεως
391 1045 530 1141 τρόπον,
552 1044 719 1136 γινώσκειν
732 1052 792 1136 μέν
806 1073 859 1115 τοι
873 1046 914 1114 τά
929 1042 1120 1136 ἐνδεχόμενα
1133 1071 1240 1136 κρειτ-

230 1147 333 1231 τόνως
356 1155 414 1234 τῆς
435 1149 542 1220 ἀυτῶν
564 1152 689 1219 ἐκείνων
717 1147 863 1244 φάσεως,
901 1145 1013 1242 διόπερ
1043 1153 1151 1216 ταότα
1179 1155 1240 1236 μέν

230 1250 388 1346 ἀόριστον
409 1255 525 1342 ἔχοντα
546 1252 605 1337 τὴν
627 1250 746 1347 φύσιν,
770 1249 991 1321 δόνασθαίτε
1006 1253 1166 1346 ἐκβαίνειν
1184 1257 1239 1317 καὶ

229 1353 275 1444 με)
298 1353 475 1444 ἐκβαίνειν,
513 1358 651 1434 ἐκείνους
680 1359 714 1423 δέ
737 1347 794 1422 ίίτε
816 1350 1007 1447 κρειττόνως
1029 1357 1088 1436 τῆς
1109 1349 1239 1447 φ’όσεως

232 1455 340 1526 άντών
362 1456 421 1540 τὴν
441 1459 560 1546 γνῶσιν
582 1454 689 1526 ἀυτῶν
703 1454 969 1580 προειληφότας,
985 1453 1170 1551 ὡρισμένως
1184 1461 1241 1522 καλ

232 1563 337 1628 ταῦτα
363 1563 482 1630 ἐιδέναι
509 1557 550 1640 4.)
593 1563 664 1628 Καὶ
684 1558 750 1653 γάρ
770 1560 814 1629 τά
833 1557 975 1653 μεριστά
995 1563 1059 1628 τάν
1081 1555 1239 1681 πραγμά-

172 1732 174 1737 .
231 1689 296 1731 τιον
317 1659 499 1792 άμερὶστως
519 1669 574 1732 καί
595 1661 806 1745 άδιαστάτως
819 1660 990 1753 γινώσκειν
1002 1657 1240 1750 ἀοτοὺςᾶναγ*

192 1813 197 1817 -
230 1771 324 1864 καῖον
345 1773 401 1852 καὶ
422 1763 466 1833 τά
485 1771 745 1889 πεπληθνσμένα
767 1769 934 1889 6606663,
969 1774 1025 1834 κοιι
1054 1763 1096 1834 τά
1126 1765 1239 1857 έγχρο·

199 1889 202 1898 ·
232 1895 274 1937 να
289 1866 427 1950 άιωνίως
437 1922 463 1991 '..
468 1875 524 1938 καὶ
545 1868 588 1938 τὰ
608 1867 745 1957 γεννητά
764 1865 956 1957 ἀγεννήτως.
1003 1867 1049 1949 06
1071 1866 1137 1962 γάρ
1159 1894 1240 1958 σνμ

229 1973 463 2065 παραθεῖν”
423 1999 462 2068 τη
483 1969 574 2065 ῥάσει
595 1976 660 2042 τῶν
682 1971 885 2066 πραγμάτων
899 1971 959 2058 τὴν
972 1975 1037 2040 τῶν
1050 1975 1144 2041 θεῶν
1159 1971 1240 2060 γνώ

232 2099 285 2144 σιν
313 2046 503 2163 ἀνεξόμεθα
537 2078 656 2163 λέγειν,
702 2075 777 2145 0666
763 2077 908 2144 ἐέῐναί
921 2103 954 2144 τε
983 2073 1028 2142 ἐπ’
1063 2077 1189 2144 εκείνων
1219 2065 1241 2154 6

223 2175 539 2270 παρεληλυθός,
526 2174 547 2260 6
575 2183 711 2269 μέλλον,
749 2176 824 2247 0666
810 2161 1060 2304 ἐξλέγεσθαᾘ
1044 2203 1084 2245 επ
1122 2174 1241 2260 ἀντώνς

232 2275 275 2359 ὡς
289 2282 322 2346 ἐν
340 2280 468 2371 Τιμαίῳ
491 2278 757 2375 παρειλήφαμεν,
780 2279 818 2349 τό
840 2281 881 2364 66
902 2280 923 2364 6
945 2280 984 2349 τό
1006 2281 1120 2363 ἔσται,
1139 2299 1241 2369 μετοι-

186 2441 191 2452 ,
232 2383 335 2468 βολῆς
356 2407 445 2460 τινος
467 2379 549 2450 ὄντα
571 2385 773 2473 σημαντικά,
807 2382 911 2475 μόνον
939 2388 975 2452 66
1002 2383 1042 2451 τό
1063 2384 1150 2461 ἔστι,
1184 2385 1241 2448 καί

234 2487 331 2554 τοῦτο
354 2482 392 2554 06
417 2483 455 2553 τὸ
478 2486 790 2579 σνναριδμσόμενον
810 2491 858 2583 66
878 2514 912 2556 τε
933 2472 976 2571 66
997 2493 1052 2555 καὶ
1073 2485 1119 2576 τῷ
1132 2484 1240 2565 ἔσται,

235 2593 290 2653 καὶ
311 2586 656 2718 ἀντιδιαιροόμενον’
636 2598 770 2675 αυτοῖς,
806 2563 893 2660 ἀλλά
913 2589 978 2684 πρὸ
999 2586 1106 2710 πάσης
1126 2604 1240 2678 χρῡνν

233 2689 290 2770 κῆς
311 2688 483 2810 ἐμφάσεως
498 2690 742 2784 ἐπινοοόμενον,
764 2702 820 2763 καὶ
835 2692 873 2762 τὸ
873 2691 1052 2822 ἀτρεπτον
1062 2687 1169 2759 ἀυτῶν
1184 2695 1240 2756 καὶ

234 2787 461 2878 ἀμετάβλητον
483 2802 662 2884 σημαῖνον,
687 2790 765 2887 ὅπερ
787 2805 844 2866 κάι
866 2794 884 2864 ὁ
906 2803 1009 2885 μέγας
1030 2793 1241 2888 Παρμενίδης

232 2897 330 2960 παντὶ
349 2898 458 2989 νοητῷ
479 2893 636 2991 ὑπάρχειν
658 2897 896 2996 ἀποφαίνεται·
1229 2943 1232 2948 -

192 3021 197 3030 ’
275 3009 318 3074 06
335 3010 396 3095 γὰρ
417 3012 471 3089 έην
489 3018 537 3092 ⁵),
556 3018 612 3080 066
631 3019 719 3082 ’έοται
738 3019 863 3100 (φησίν)
884 3021 964 3102 ὁμοῦ
984 3019 1048 3080 πᾶν
1058 3063 1070 3092 ,
1088 3014 1154 3078 ἐστι
1172 3012 1205 3074 δέ
1227 3041 1231 3068 e

753 3117 881 3197 μοῦνον.
1223 3143 1226 3152 ·

235 3221 307 3288 Καὶ
336 3216 374 3288 06
402 3218 465 3310 χρὴ
491 3218 682 3316 νομίζειν’
663 3251 715 3293 οτι
737 3223 921 3315 ἀναγκαίαν
943 3231 960 3294 6
958 3228 1003 3301 ἔτι
1024 3221 1082 3320 τὴν
1105 3221 1241 3310 ἔκβασιν

234 3317 257 3389 66
285 3326 419 3424 λέγομεν
441 3318 657 3448 ἐνδεχόμενα,
696 3327 753 3395 διά
781 3327 825 3396 τά
853 3325 916 3395 ὑπὸ
939 3329 1003 3394 τών
1025 3325 1124 3392 6666
1139 3322 1242 3410 6)γι-

233 3415 464 3494 νώσκεσθαι
441 3431 641 3552 ωρισμένως,
663 3427 701 3498 06
719 3426 784 3523 γάρ
807 3427 893 3499 διότι
916 3425 1133 3518 γινώσκουσιν
1154 3424 1241 3493 άντά

232 3531 264 3595 οἱ
286 3531 382 3609 θεοὶ,
405 3527 460 3597 διά
483 3531 581 3598 τοῦτο
603 3527 788 3621 ἀναγκαίως
810 3530 1003 3620 ἐκβήσεται,
1037 3527 1107 3598 ἀλλ’
1130 3525 1239 3610 ἐπειδῆ

232 3625 334 3722 φύσιν
356 3632 472 3754 ε”χμντα
495 3637 700 3760 ἐνδεχομένην
721 3643 777 3706 και
804 3635 1014 3756 ἀμφίβολον,
1049 3637 1151 3726 Ιπέρας
1180 3633 1241 3714 έξει

231 3727 373 3816 πάντως
384 3731 416 3818 6
426 3741 534 3818 τοῖον,
556 3736 577 3820 6
598 3747 707 3822 τοῖον,
735 3739 792 3809 διά
812 3743 911 3807 τοῦτο
934 3737 1011 3818 τοὺς
1031 3733 1139 3858 θεσμός
1160 3737 1241 3802 ἐιδέ-

183 3924 185 3930 ἲ
231 3861 286 3902 ναι
309 3833 491 3930 ἀναγκαῖον
512 3832 599 3920 ὅπως
621 3840 805 3930 ἐκβήσεται.
846 3845 918 3911 Καὶ
939 3845 1009 3910 ἐστὶ
1029 3837 1069 3908 τό
1092 3835 1175 3906 ἀντό
1201 3837 1244 3932 τῇ

230 3943 291 4024 μέν
317 3921 414 4030 φάσει
447 3943 485 4035 τῇ
514 3943 635 4012 ἑαυτοῦ
663 3943 882 4034 ἐνδεχόμενον,
921 3949 960 4040 τῇ
982 3948 1017 4012 66
1038 3939 1156 4029 γνώσει
1177 3941 1242 4008 τών
