2748 4514
1082 349 1142 410 tot

129 507 264 588 libertas¹
286 520 423 586 faciendi
443 521 495 584 vel
520 540 584 586 non
610 513 745 583 i‘a'ciendi
768 519 801 584 id
826 522 865 584 ad
886 521 974 603 quod
1000 517 1141 601 appetitu

128 635 315 691 moventur.
360 621 535 704 Reperitur
560 643 640 707 ergo
674 621 707 685 id
732 626 824 712 quoti
840 623 871 686 in
894 633 1051 704 potestate
1069 641 1138 684 csse

129 727 263 792 dicimus
299 726 331 790 in
365 725 602 807 operationibus
635 747 715 808 quae
751 725 891 807 appetitu
923 747 956 788 se
992 734 1141 788 movente

130 831 234 893 liunt:
268 841 301 893 at
326 849 391 892 non
410 839 522 891 contra
541 827 642 890 omnis
665 849 746 911 quae
773 828 915 910 appetitu
937 839 1140 892 semovente

131 933 170 996 m
196 932 367 1016 operatio,
403 929 436 992 in
463 951 498 994 sc
528 932 624 994 babet
654 931 688 994 id
705 934 804 1015 ¹quod
823 931 867 993 Ιἰιι
891 943 1049 1012 potestate
1073 951 1155 994 esse.

138 1035 264 1102 dicium.

557 1120 728 1182 XXXIV.

196 1243 317 1306 Annon
343 1243 513 1306 veronen
541 1251 589 1304 cst
612 1241 827 1326 ignorantium
857 1241 932 1326 quid
958 1241 1063 1306 dicant
1085 1261 1142 1304 ve·

134 1343 229 1410 ritate
254 1367 359 1408 rerum
388 1365 471 1428 quae
495 1343 594 1420 fiant,
630 1366 723 1427 quam
755 1344 817 1428 ipsi
849 1367 910 1428 per
941 1365 998 1408 sua
1028 1345 1144 1409 tollunt

133 1446 269 1532 placita,
292 1448 339 1510 uti
362 1449 551 1511 adstruendo
569 1447 712 1529 placito,
737 1452 824 1532 qued
845 1449 875 1512 ei
896 1448 1023 1512 veritati
1047 1469 1144 1531 repu-

135 1551 238 1638 gnat?
267 1553 434 1615 Sumentes
458 1551 540 1614 enim
561 1544 645 1625 hoc,
678 1571 789 1613 eorum
811 1572 892 1634 quae
917 1573 977 1634 per
1001 1562 1144 1614 naturam

139 1655 295 1718 exsistunt
315 1656 562 1736 unumquodque
580 1651 662 1716 Fato
677 1674 747 1716 esse
768 1656 831 1717 tale
853 1656 945 1737 quale
967 1666 1031 1731 est,
1056 1656 1145 1738 quasi

136 1757 216 1822 idern
246 1757 288 1821 sit
313 1777 382 1819 esse
410 1769 522 1819 namra
548 1768 579 1818 et
605 1757 706 1832 Fato,
746 1759 862 1820 addunt
889 1757 1023 1833 deinde,
1062 1759 1145 1819 Fato

135 1860 234 1947 igitur
256 1859 421 1922 animantia
444 1871 475 1923 et
501 1860 637 1922 sentiunt
662 1871 759 1922 etex
784 1859 925 1943 appetitu
955 1871 1143 1923 moventur-a

136 1975 168 2026 et
199 1963 354 2046 quaedam
387 1962 554 2025 animantia
590 1973 764 2044 operantur
790 1975 929 2039 tantum,
975 1962 1035 2024 alia
1062 1981 1144 2026 vero

135 2089 206 2130 ειιιιι
236 2065 361 2128 ratione
393 2075 492 2151 agunt
529 2065 644 2147 partim
681 2069 803 2148 probe,
840 2065 954 2148 partim
983 2065 1143 2147 improbe.

137 2171 229 2234 Haec
249 2189 330 2233 vero
356 2188 426 2230 eum
451 2181 566 2231 natura
591 2169 653 2231 sint
673 2169 747 2232 talia
770 2169 803 2232 id
824 2181 871 2233 est
888 2170 993 2252 proba
1014 2169 1066 2232 vel
1086 2169 1145 2232 irn—

135 2275 266 2358 proba‚
304 2270 377 2354 quia
404 2272 484 2333 tales
520 2283 650 2334 natiuae
676 2285 707 2336 et
735 2272 898 2356 qualitates
927 2295 992 2355 non
1017 2272 1146 2356 ignotas

135 2387 231 2453 sunt,
280 2374 352 2438 ideo
393 2374 539 2438 oriuntur
570 2374 765 2440 laudationes
808 2387 839 2439 et
874 2375 1141 2457 vituperationes,
1208 2451 1215 2465 .

135 2478 277 2564 praemia
302 2490 333 2540 et
357 2487 494 2560 poenae.
538 2477 631 2540 Hace
667 2478 748 2540 enim
775 2478 858 2540 inter
884 2499 918 2541 sc
948 2498 1146 2559 consequen·

135 2583 211 2646 tiam
236 2593 267 2645 et
293 2578 435 2646 ordinem
456 2582 586 2642 habent.
632 2581 679 2643 At
701 2602 781 2644 vero
805 2601 869 2643 non
896 2588 1143 2643 consentaneum

136 2698 186 2750 est
210 2687 290 2748 haec
312 2687 446 2748 adeum
470 2686 597 2748 modum
626 2683 718 2759 fieri,
757 2684 783 2747 si
814 2701 871 2746 eos
899 2681 1059 2765 sequimur
1091 2681 1145 2764 qui

138 2801 281 2853 naturam
307 2799 338 2849 et
365 2808 445 2870 utrae
468 2807 508 2849 ex
533 2798 644 2848 natura
669 2787 770 2862 fiunt,
806 2789 845 2848 ad
871 2787 985 2848 Fatum
1008 2784 1145 2847 necessi·

136 2904 297 2974 tatemquc
324 2890 481 2953 referunt.
536 2886 689 2951 Naturale
720 2889 845 2972 quidem
868 2899 916 2952 est
941 2889 1146 2953 animantibus

139 3017 209 3058 cnm
232 2993 357 3056 ratione
379 2991 544 3076 agentibus
565 3013 661 3073 posse
685 3004 716 3054 et
741 3003 829 3054 reete
854 3003 886 3054 et
906 3009 1006 3074 prave
1036 3013 1144 3076 agere,

138 3119 180 3162 eo
201 3097 289 3180 quod
309 3108 456 3159 neutrum
475 3095 593 3157 faciant
606 3115 648 3158 ex
669 3093 867 3164 necessitate.
913 3097 957 3158 Et
974 3097 1039 3158 hoc
1057 3107 1144 3157 certe

140 3221 254 3264 verum
278 3211 326 3262 est
354 3210 385 3261 et
414 3197 460 3261 sic
491 3218 526 3260 se
552 3199 659 3260 habet.
716 3199 792 3262 Non
818 3209 921 3260 autem
953 3196 1030 3258 illud
1060 3199 1148 3278 (prod

141 3302 315 3388 adiungunt
342 3301 448 3366 onmia
475 3321 517 3364 ex
538 3288 722 3364 necessitate
749 3321 808 3364 nos
835 3319 953 3384 agere;
991 3311 1146 3362 ettamen

141 3407 297 3490 quosdam
330 3427 401 3467 cum
429 3404 552 3467 ratione
585 3425 683 3486 opera
717 3402 873 3466 edentium
908 3411 1006 3464 recte·
1030 3421 1145 3486 agere,

139 3529 277 3592 peccare
303 3507 402 3583 alios,
441 3510 498 3570 sed
521 3507 564 3571 ita
587 3520 624 3570 ut
645 3527 686 3570 ex
711 3506 896 3569 necessitate
919 3525 1048 3588 agamus
1070 3508 1149 3569 baec

142 3611 259 3677 omnia.
317 3613 403 3674 Ham
431 3613 600 3672 secundnm
627 3609 715 3692 ipsos
750 3608 820 3670 fieri
852 3629 916 3669 nou
945 3619 1074 3690 potest,
1111 3621 1146 3673 ut

140 3715 255 3780 talibus
283 3714 398 3798 positis
427 3716 522 3777 rebus
551 3713 823 3776 circumstantibus
848 3731 913 3774 non
943 3711 989 3775 sie
1017 3715 1151 3798 agamus'

142 3829 175 3882 ut
191 3818 327 3904 agimus.
372 3818 422 3880 Ea
444 3837 523 3881 vero
538 3837 618 3901 quiae
633 3837 692 3878 nos
712 3815 935 3891 circumstant,
960 3827 991 3878 et
1012 3828 1147 3898 propter

143 3941 224 4006 quae
256 3921 402 4004 agimus,
442 3941 482 3981 ex
514 3917 697 3982 necessitate
734 3939 793 3982 nos
829 3917 1043 3982 circumstant.
1102 3919 1147 3980 At
