2754 4510
1046 285 1104 350 281

184 449 483 546 βουλεύεσθαι
502 451 810 546 βουλευόμεθα
830 458 925 546 περὶ
946 450 1106 532 ἀυτῶν]
1202 447 1211 456 ’

189 560 336 648 Egregia
355 561 434 624 haee
453 559 550 632 lectio
571 570 604 640 et
624 559 875 643 supplementum
896 561 1043 634 lacunae,
1068 559 1108 620 ad

188 665 277 748 qtrod
298 663 462 727 emendavi
482 662 661 728 versionem
685 663 813 738 Gradi,
838 664 970 726 debetur
992 659 1108 727 Codici
1145 657 1150 665 ’

189 766 377 831 Haunieasi.
430 766 580 850 Sequitur
608 787 675 829 eam
709 778 742 829 et
774 766 948 850 Bagolinus
980 776 1107 830 vertens

190 869 323 936 evidens
348 879 418 954 est,
448 867 628 952 dequibus
650 869 909 947 consultamus,
941 867 1020 948 plue
1045 866 1109 928 ali·

196 968 281 1052 qnid
299 989 345 1032 ex
366 968 634 1045 consultatione,
653 978 789 1049 praeter
803 969 911 1048 ipsane
933 965 1109 1028 consulta-

191 1065 538 1145 lianem‚l1alrlturos
567 1087 628 1128 nos
649 1068 844 1145 eonsultare
869 1065 908 1131 de
929 1066 1020 1160 ipsis.
1048 1062 1109 1126 Al·

190 1167 297 1244 dinae,
323 1165 433 1232 Casel.
449 1177 480 1229 et
493 1168 603 1229 Lond.
626 1167 726 1247 δῆλον
745 1160 804 1245 ὡς,
828 1167 860 1233 έν
882 1161 933 1244 ὁῑς
953 1159 1111 1252 βουλευό-

190 1273 285 1354 μεθα
306 1273 380 1356 περὶ
401 1264 508 1336 ἀυτῶν
535 1265 579 1334 ἐπ’
608 1264 690 1334 clatri
714 1264 753 1333 τὸ
773 1264 999 1355 βουλεύεσθαι
1020 1293 1111 1359 περι*

190 1370 312 1457 γίνεται
326 1375 440 1451 πλέον,
461 1366 483 1453 ἢ
491 1377 563 1461 περὶ
580 1371 643 1438 τῶν
657 1368 767 1437 ἄλλων
779 1357 1029 1460 βουλευομένοις
1043 1384 1107 1434 ete.

191 1475 302 1539 ceteris
325 1475 466 1540 omissis:
501 1474 587 1559 quod
609 1475 841 1538 Schudthessius
865 1475 910 1539 sie
932 1474 1119 1558 expressitz=

189 1597 230 1640 εο
252 1581 295 1640 ist
314 1579 411 1658 nlar,
445 1577 521 1640 dass
544 1599 605 1640 ures
629 1575 691 1662 bey
720 1573 824 1640 denen
842 1577 999 1660 Dmgen‚
1030 1597 1114 1639 wor-

195 1675 279 1740 uter
302 1679 360 1742 wir
385 1676 705 1758 Beratlrseltlagung
725 1677 912 1753 anatellen‚
941 1687 1112 1758 guarterer

197 1775 359 1844 Vortlteill
373 1777 561 1853 zuwitalret,
582 1777 635 1836 als
659 1795 750 1836 wenn
774 1777 833 1837 wir
855 1795 916 1836 uns
937 1774 1017 1836 tiber
1031 1778 1112 1850 jene

199 1873 443 1938 vorerwitlrnten
455 1874 564 1956 Dirige
576 1872 860 1954 lerathselrlagen
872 1873 1013 1936 wttrdeu.
1035 1869 1107 1951 (0.)

103 2011 162 2091 1⁰)
191 2004 243 2076 ἐπ’
283 2004 386 2076 claud
427 2007 472 2110 vti
520 2004 813 2097 βουλεύεσθαι
847 2011 1113 2101 περιγίνεται

191 2116 332 2193 πλέον,
356 2109 377 2194 ἢ
398 2119 492 2202 περὶ
513 2115 586 2179 τῶν
608 2110 1113 2202 ἄλλωνβουλευομένοις]

191 2218 290 2300 Lego
316 2218 384 2281 ἐπεὶ
412 2210 494 2281 riveti
522 2212 562 2278 τὸ
593 2210 818 2299 βουλεύεσθαι
849 2228 913 2279 etc.
945 2220 1110 2300 quomodo

192 2317 309 2402 legisse
332 2317 457 2379 videtur
478 2329 510 2379 et
530 2317 703 2403 Bagolinus
725 2330 854 2381 vertens
879 2313 962 2382 nam
981 2330 1014 2383 et
1032 2341 1110 2382 eon·

192 2426 311 2487 tilium
339 2419 563 2501 adipiscimur
587 2421 692 2483 etiam
713 2419 753 2484 de
776 2421 858 2482 aliis
881 2420 1110 2482 consultantes

192 2518 277 2589 ἇντὸ
291 2520 314 2585 i.
331 2543 365 2604 q.
381 2513 484 2606 μόνον
504 2529 539 2582 ut
561 2519 697 2601 saepius.
740 2521 809 2584 Pro
824 2521 922 2586 πλέον
937 2520 988 2582 ed.
1000 2519 1110 2582 Laud.

191 2626 290 2690 habet
324 2625 422 2690 πλέον
448 2617 470 2703 ἢ
500 2634 536 2684 ut
568 2625 758 2704 respondeat
787 2620 917 2686 lectioni
951 2632 1110 2702 receptae.

194 2727 283 2791 Vide
304 2727 423 2790 Natam
443 2728 696 2809 praecedentem.
733 2725 807 2807 (Ο.)
850 2723 935 2788 Mihi
955 2735 1040 2788 totus
1062 2723 1112 2788 lo·

192 2851 251 2894 eus
266 2829 309 2893 ita
324 2829 558 2894 constituendus
573 2829 716 2893 videtur:
748 2828 848 2908 δῆλον
863 2821 905 2904 ὡς
919 2827 953 2894 έν
967 2821 1017 2905 die
1029 2828 1110 2914 βου-

194 2928 366 3020 λευόμεθα
394 2933 492 2998 πλέον
512 2954 546 2996 το
573 2929 696 3011 ἕξοντες
723 2932 757 2996 έν
788 2929 848 2996 τοῦ
875 2925 1110 3015 βουλεύεσθαι,

194 3031 369 3126 eupatori
396 3027 622 3117 βουλεύεσθαι
650 3030 723 3122 περὶ
752 3027 860 3099 ἀντῶν
887 3029 931 3098 ἐπ’
963 3027 1045 3098 ἇυτὸ
1074 3027 1113 3094 τὸ

193 3130 420 3224 βουλεύεσθαι
440 3137 639 3227 περιγίνεται
658 3138 765 3202 πλέον.
806 3125 845 3202 ln
867 3133 979 3217 quibus
994 3153 1113 3216 sequor
1201 3133 1203 3138 ’

199 3237 285 3305 Cod.
306 3239 415 3302 Havn.
445 3238 590 3304 omittens
618 3227 854 3303 tantummodo'
871 3236 1004 3297 alterum
1032 3237 1114 3319 βου·

199 3337 386 3429 λουόμεθα,
408 3344 496 3426 quod
516 3354 591 3426 post
612 3343 755 3406 lacunam
777 3337 933 3421 expletam
946 3357 1115 3419 perperam

198 3445 260 3510 tuit
279 3443 458 3526 repetitum.
503 3443 729 3520 Maru'festum
751 3451 799 3506 est
824 3436 920 3502 uoltis
945 3440 979 3501 in
1003 3441 1045 3500 iis
1066 3458 1115 3501 re·

201 3547 284 3622 tar,
304 3546 344 3611 de
368 3547 489 3631 quidue
508 3565 549 3608 eo
565 3542 640 3620 fine
658 3539 899 3624 deliberamus,
920 3546 958 3599 ut
981 3536 1114 3599 utilitas

199 3648 325 3731 aliqua
347 3645 421 3712 inde
446 3642 542 3706 nabit
573 3637 753 3710 redundet,
786 3633 830 3698 al>
861 3637 927 3699 ista
953 3633 1119 3699 delibera⁴

199 3749 291 3808 tione
313 3743 476 3809 accedere
498 3740 672 3821 adipsum
692 3733 963 3800 deliberationem
987 3733 1062 3812 (per
1080 3746 1114 3786 te

200 3845 370 3922 inutilem)
390 3843 555 3908 maiorem
579 3834 753 3922 quandum
775 3834 975 3910 utilitatem,
1007 3839 1111 3912 quum
1187 3861 1190 3868 Δ
