2694 4508
1079 334 1119 395 lt

102 501 236 568 alienius
258 499 308 564 rei
329 519 410 584 engo
432 497 524 562 linat.
581 501 634 564 Ac
657 503 783 583 quando
807 521 934 578 eorum,
976 523 1056 586 quae
1079 506 1120 565 ad

100 604 310 688 propositum
338 601 551 678 destinantur,
588 603 648 666 alia
669 603 748 666 fiunt
769 613 900 680 natura,
936 603 996 668 alia
1018 605 1143 668 ratio?

100 706 281 782 ditatione,
322 723 361 768 an
397 706 579 788 ponendum
616 704 730 767 Fatum
767 707 852 769 circa
882 717 1018 789 utraque
1040 708 1118 770 haec

99 808 243 894 versati„
268 807 314 870 ita
335 816 370 869 ut
391 805 497 869 omnia
518 827 600 890 qnae
621 806 667 871 sic
688 806 786 883 liunt,
810 809 894 872 Fato
916 807 988 872 lieri
1010 808 1117 872 dican·

100 923 170 989 tur,
190 931 250 974 'an
275 909 361 973 circa
382 911 498 971 honum
520 909 653 972 alterum
676 907 800 995 genus?
843 909 906 973 Sed
928 901 1020 974 enim*
1033 932 1115 995 quae

99 1012 347 1080 ratiocinatione
369 1011 467 1088 liunt,
500 1011 574 1076 ideo
599 1011 752 1076 videntur
780 1009 841 1074 (lici
874 1013 1117 1079 ratiocinatione

97 1118 191 1195 fieri,
231 1115 309 1200 quia
329 1115 357 1178 is
379 1115 434 1200 qni
453 1115 531 1180 lecit
553 1114 646 1179 etiam
666 1135 732 1178 non
753 1114 888 1180 faciendi
915 1115 1027 1180 habuit
1053 1139 1116 1200 po·

97 1231 264 1284 testatem.
328 1219 413 1282 Nam
448 1239 529 1304 quae
558 1221 598 1282 ab
631 1217 804 1282 artificibus
836 1220 1009 1282 secondton
1031 1233 1114 1284 artes
1140 1229 1149 1237 '

99 1324 206 1399 liunt,
232 1343 356 1386 canon
377 1321 524 1386 videntur
546 1344 588 1386 ex
607 1320 797 1386 necessitate
818 1322 883 1386 ulla
904 1323 1018 1388 fluere.
1062 1325 1114 1404 Ita

102 1425 224 1510 quippe
255 1424 383 1510 singula
418 1425 541 1489 faciunt
572 1423 730 1504 attilices,
750 1436 803 1490 ,ut
832 1437 864 1488 et
894 1447 960 1490 non
981 1427 1117 1492 faciendi

100 1531 242 1593 habeant
263 1528 443 1592 aitinha».
490 1531 535 1594 Et
557 1531 720 1614 quomodo
741 1549 807 1594 non
828 1528 869 1592 sit
889 1528 1115 1595 inconveniens

99 1633 207 1697 dicere
240 1634 372 1698 domum
405 1644 458 1696 aut
490 1632 605 1697 lectum
633 1634 702 1698 fato
732 1633 836 1710 facta,
882 1645 935 1696 ant
963 1633 1115 1697 citharam

101 1737 168 1802 lato
189 1735 394 1820 temperari?
437 1737 501 1801 Sed
523 1757 660 1821 qnorum
682 1736 809 1801 domina
837 1747 885 1800 est
907 1736 998 1820 optio
1019 1757 1114 1819 prae·

105 1840 172 1917 via,
210 1840 260 1921 (id
293 1851 344 1902 est
377 1859 457 1924 quae
489 1861 562 1904 cum
593 1819 711 1904 vit-mie
739 1850 795 1903 aut
822 1839 901 1904 vitio
923 1839 1057 1920 fiunt‚)·
1079 1859 1117 1903 ea

106 1963 232 2027 qnoque
253 1941 405 2006 videntur
433 1963 503 2007 esse
524 1943 629 2008 nostri
648 1942 740 2006 iuris.
807 1943 904 2025 Quod
932 1942 960 2005 si
986 1951 1117 2006 nostrae

102 2058 174 2109 sumt
200 2045 373 2130 potestatis
402 2067 462 2123 ea,
509 2049 549 2112 ad
577 2067 657 2130 quae
687 2049 810 2132 agenda
830 2057 884 2110 aut
904 2032 1118 2131 nonagenda

102 2149 221 2214 domini
254 2171 382 2227 sumus,
427 2171 493 2214 non
524 2161 634 2232 potest
664 2151 725 2214 dici
753 2151 868 2216 Fatum
902 2149 1012 2214 talium
1046 2169 1116 2212 esse

102 2273 220 2330 cansa,
259 2273 364 2337 neque
392 2274 502 2318 causas
529 2265 562 2316 et
594 2252 750 2336 principia
777 2266 909 2318 externa
938 2275 1009 2318 esse
1036 2273 1116 2335 pro·

100 2355 203 2432 iecta‚
241 2376 301 2439 per
329 2377 411 2439 quae
439 2355 514 2420 talia
534 2357 759 2422 inevitabiliter
780 2358 906 2422 fierent.
970 2358 1055 2420 Nam
1083 2356 1117 2420 id

100 2457 127 2521 si
148 2469 258 2536 esset,
296 2458 360 2522 iam
381 2459 413 2522 in
441 2471 557 2524 nostro
586 2460 720 2524 arbitrio
753 2483 820 2527 non
852 2471 955 2539 esset,
991 2469 1028 2524 ut
1054 2459 1118 2524 ista

99 2573 205 2626 went
226 2574 282 2626 ant
302 2562 427 2628 fierent.

537 2685 541 2696 ¹
577 2667 644 2731 Vl.

162 2769 283 2834 Restat
303 2779 340 2832 nt
360 2768 482 2833 dicatur
503 2769 576 2834 Fati
605 2771 654 2835 vis
684 2771 745 2836 sita
768 2770 801 2835 in
823 2769 861 2834 iis
897 2789 977 2854 qnae
1006 2779 1118 2834 namra

101 2869 200 2952 liunt,
246 2871 293 2936 ita
314 2883 350 2935 ot
369 2872 450 2937 idem
472 2872 514 2935 sit
540 2885 652 2937 natura
680 2895 718 2938 ac
739 2875 866 2938 Fatum.
910 2875 994 2938 Nam
1029 2863 1149 2956 quic-¹

101 2975 175 3058 quio
205 2977 306 3042 fatale
342 2989 410 3056 est,
454 2977 488 3042 id
520 2999 562 3042 ex
592 2989 705 3043 natura
731 2989 799 3058 est,
824 2989 863 3042 ‘et
891 2976 1040 3062 quicquid
1059 2985 1118 3038 ⁴sen

101 3092 237 3158 natura,
273 3079 389 3144 fatale:
422 3103 525 3166 neque
553 3083 696 3146 naturale
731 3094 779 3145 est
810 3065 970 3146 hominem
993 3099 1034 3142 ex
1054 3080 1116 3143 ho·

102 3181 182 3246 nine
214 3193 249 3246 et
285 3203 400 3266 equum
430 3205 471 3248 ex
500 3206 585 3270 equo
617 3185 722 3262 nasci,
757 3197 794 3250 ut
815 3208 879 3250 non
902 3185 984 3248 idem
1007 3183 1048 3246 sit
1068 3182 1117 3245 fa-

100 3286 176 3349 tale.
220 3287 288 3352 Sea
316 3287 506 3354 comitantur
533 3291 611 3355 istae
640 3289 823 3380 efficientiae
845 3291 943 3352 altera
965 3287 1115 3364 alteram,

101 3401 136 3452 nt
156 3411 239 3473 quae
262 3391 476 3474 appellatione
504 3395 573 3460 sola
596 3395 766 3460 differant:
805 3411 904 3476 quare
932 3401 964 3452 et
979 3375 981 3384 ’
994 3388 1116 3472 primae

11 3551 13 3558 .
101 3513 214 3558 causae
239 3493 376 3579 originis
398 3497 445 3560 rei
466 3498 617 3584 cuiusque
646 3500 815 3562 secundum
838 3505 984 3556 naturam
1007 3493 1116 3557 dicun'·
1168 3507 1169 3512 ’

101 3605 247 3662 ωνεεεε
281 3597 406 3662 divinae
437 3613 567 3666 cannae
604 3605 729 3684 (astra)
766 3610 798 3664 et
831 3618 937 3662 earum
972 3596 1117 3663 ordinata

101 3699 332 3778 circumactio,
374 3706 544 3790 eademqne
582 3706 728 3770 dicuntur
766 3703 839 3768 Fati
879 3725 948 3767 esse
989 3723 1114 3766 causae.

102 3803 214 3870 Omnia
238 3804 358 3890 quippe
379 3819 468 3871 ortus
501 3809 622 3872 initium
651 3823 698 3874 est
728 3807 902 3872 divinarum
930 3818 1114 3870 naturarum

102 3907 175 3972 dnm
198 3921 392 3986 moventur,
416 3924 522 3978 certus
545 3913 671 4000 qnidam
694 3913 817 3979 habitus
841 3915 943 3976 adres
961 3908 1112 3974 infamas.
