2754 4510
1071 328 1131 400 tot

121 525 164 571 ex
185 523 293 592 equo,
317 505 416 568 homo
439 523 480 568 ex
498 497 624 572 homine
646 517 677 570 et
690 499 761 570 talis
784 525 825 570 ex
849 503 917 570 tali.
937 481 1132 590 'opituletur
1217 551 1221 572 .

122 631 197 676 sane
223 611 357 674 adhoc
380 618 412 672 et
433 608 573 672 universi
594 609 822 688 circumactio,
852 613 909 675 sed
930 609 974 676 ita
993 613 1034 676 ut'
1053 598 1133 674 haec

120 714 222 780 mrdta
237 711 335 778 etiam
352 705 555 797 gignentibus
575 713 743 798 relinquat.
787 713 910 778 Deinde
926 716 999 778 dent
1022 714 1132 778 stellae

123 817 215 884 etiam
242 815 437 900 corporibus
458 818 556 880 multa
578 822 695 900 corpus
720 817 914 900 spectantia,
946 830 1024 900 puta
1045 819 1133 883 calo·

122 941 176 986 res
200 933 232 986 et
246 921 384 1006 vim'gora
397 934 400 942 '
413 932 444 983 et
475 915 719 1003 temperaturam
744 920 845 986 exiis
874 933 1131 1005 consequentem.

121 1025 169 1090 At
199 1025 367 1110 quomodo
401 1024 473 1088 inde
509 1045 615 1089 mores
648 1035 679 1087 et
710 1024 812 1087 studia
849 1037 880 1088 et
908 1045 990 1109 quae
1019 1024 1132 1089 nolunt

121 1127 273 1212 eorporis
294 1137 544 1210 temperamento
574 1125 733 1210 obsequi?
761 1127 934 1209 Quomodo
963 1125 1036 1192 inde
1057 1127 1130 1192 lite·

120 1244 214 1298 rator
240 1242 295 1294 aut
313 1251 442 1296 mensor
467 1242 520 1294 aut
541 1231 681 1307 aleator,
720 1241 773 1292 aut
794 1251 901 1294 rerum
923 1229 1055 1295 aliarum
1077 1251 1131 1294 re·

120 1332 260 1418 pertor?
293 1332 444 1396 Pravitas
469 1344 573 1396 autem
595 1355 719 1397 morrmr
745 1334 907 1417 quomodo
933 1335 973 1398 ab
1005 1331 1043 1398 iis
1067 1337 1143 1402 da·⁴

122 1438 212 1502 bitur
233 1436 288 1521 qui
307 1435 363 1502 Dii
385 1435 484 1500 sunt?
506 1438 589 1500 Nam
611 1437 692 1500 mala
713 1439 786 1499 dare
809 1437 955 1500 dicuntur
974 1459 1046 1500 cum
1069 1436 1130 1520 ipsi

122 1540 301 1604 afficiuntur
321 1539 424 1616 malo,
455 1537 552 1602 idest
570 1561 639 1602 cum
662 1538 826 1616 occidunt,
859 1550 913 1602 aut
933 1541 1042 1603 subter
1064 1551 1129 1602 ter·

123 1665 191 1708 ram
215 1644 382 1722 feruntur,
417 1642 508 1726 quasi
526 1643 604 1706 novi
623 1641 741 1726 aliquid
761 1641 922 1725 patiantm
940 1663 1010 1704 cum
1028 1641 1132 1708 nostri

123 1767 220 1812 cansa
253 1745 420 1822 occidunt,
458 1756 491 1810 et
522 1766 587 1808 non
618 1765 742 1826 semper
776 1745 919 1818 serantur
947 1744 1128 1808 caelestium

121 1849 287 1916 rotatione
310 1849 455 1925 orbium,
490 1862 521 1912 et
546 1850 586 1912 ad
614 1859 730 1910 terram
754 1844 896 1929 pariliter
920 1867 955 1908 se
975 1847 1125 1909 habeant.

122 1955 240 2036 Neque
272 1950 435 2016 dicendum
466 1951 522 2015 uhi
546 1950 634 2015 Deus
665 1950 744 2013 alter
766 1946 904 2030 adspicit
931 1949 1066 2012 alterum
1088 1970 1130 2013 ex
1206 1949 1209 1952 ’

121 2057 188 2128 hae,
209 2055 261 2120 vel
286 2054 342 2129 illa
368 2053 520 2130 statione,
536 2125 540 2132 ,
557 2055 599 2118 ob
624 2053 657 2121 id
678 2073 753 2118 eum.
773 2050 863 2126 reddi
882 2050 1045 2126 meliorem
1074 2063 1128 2119 aut
1200 2121 1203 2126 ,

121 2159 288 2242 peiorem,
322 2169 358 2220 ut
383 2179 454 2219 cum
478 2152 559 2220 bene
587 2156 648 2218 illis
676 2155 732 2232 sit,
768 2159 848 2218 bene
874 2154 966 2220 nobis
991 2154 1126 2234 faciant,

123 2285 196 2326 eum
222 2259 445 2334 malefaciant
471 2259 570 2322 malea
608 2261 665 2322 sed
685 2258 792 2342 potius
814 2259 893 2322 ferri
915 2259 969 2322 illa
991 2280 1132 2342 corpora

121 2366 213 2429 bono
242 2362 400 2426 universi:
430 2361 555 2426 interim
573 2372 677 2428 tamen
697 2374 728 2425 et
750 2363 881 2426 altemnn
903 2364 1060 2445 praebere
1082 2360 1131 2427 sui

120 2489 225 2532 usum.
257 2466 355 2548 Quod
364 2466 396 2528 in
406 2465 459 2528 illa
468 2475 644 2547 spectantes
659 2477 806 2547 tanquam
818 2465 849 2527 in
860 2464 984 2540 literas,
1009 2464 1062 2527 isti
1074 2463 1128 2546 qui

120 2569 206 2634 illam
224 2581 344 2632 nomint
361 2569 554 2631 literaturam
576 2589 618 2636 ex
635 2567 746 2653 figuris
767 2567 875 2651 legere
889 2567 1014 2642 futura,
1040 2588 1128 2630 com·

120 2672 289 2756 paratione
310 2673 444 2756 quadam
468 2670 650 2756 indagantes
672 2671 798 2746 lutura,
832 2670 896 2734 hoe
924 2667 1055 2752 perinde
1079 2680 1127 2732 est

121 2775 213 2861 quasi
246 2775 327 2838 dicat
360 2773 450 2857 quis:
487 2774 560 2858 quia
588 2774 659 2844 avis,
688 2783 858 2856 conspecta
888 2769 1125 2850 estaminia,

120 2877 271 2946 sublimes
292 2875 472 2965 signitipare
496 2877 649 2942 actiones.

184 3189 299 3253 Restat
321 3185 531 3252 examinemus
558 3199 589 3251 et
610 3187 695 3253 illam
712 3185 896 3252 sententiam
920 3203 999 3268 quae
1022 3181 1127 3250 omnia

119 3292 254 3376 copulat
272 3302 365 3373 atque
380 3290 548 3367 connectit,
559 3303 591 3354 et
606 3311 702 3356 unum
717 3289 824 3354 statuit
838 3287 1027 3372 principium
1042 3289 1129 3370 quod

121 3395 289 3482 qualitates
312 3413 382 3456 snas
405 3393 517 3476 cuique
535 3393 672 3478 assignet
695 3403 726 3458 et
748 3395 829 3458 unde
856 3402 967 3454 cuncta
991 3389 1126 3458 effician-

120 3511 174 3564 tur
186 3519 248 3582 per
261 3495 397 3560 rationes
412 3498 562 3580 quasdam
576 3496 754 3558 seminales.
799 3497 859 3558 Est
875 3495 954 3556 haee
974 3491 1127 3558 sententia

119 3603 166 3670 illi
186 3621 308 3684 suppar
342 3621 422 3682 quae
446 3598 657 3664 habitudinem
682 3597 918 3680 motionemque
943 3615 1068 3663 omnem
1098 3607 1129 3662 et

120 3709 263 3772 nostram
294 3713 325 3766 et
357 3723 464 3766 rerum
496 3700 625 3770 ahmiu
657 3701 697 3766 ab
725 3698 864 3762 universi
892 3697 993 3766 anima
1021 3697 1128 3764 statuit

120 3827 262 3872 menam.
307 3805 353 3870 Et
371 3823 548 3888 quanquam
568 3803 692 3868 videtur
710 3804 791 3871 haec
805 3801 914 3886 opinio
936 3803 1018 3870 velle
1035 3799 1128 3866 nobis

120 3911 234 4000 largiri
260 3905 400 3996 aliquit,
432 3905 521 3992 qnasi
538 3927 558 3972 a
578 3905 670 3972 nobis
696 3904 814 3992 aliquid
836 3925 983 3992 agamus,
1014 3923 1128 3973 revera
