2754 4510
191 1041 522 1124 nuuuusaurs
554 1046 672 1123 stru
706 1045 1095 1170 rnncuuurou.
1138 993 1160 1123 ι’

447 1231 613 1296 Adversus
635 1231 845 1318 Astrologos.

1052 1315 1065 1346 x
1124 1299 1130 1306 ,

346 1402 465 1473 (Eodem
483 1401 611 1472 Hugone
630 1399 735 1456 Grotto
754 1405 939 1479 interprete.)

534 1644 757 1660 m

208 1831 386 1898 moun
405 1842 547 1898 naturam
567 1834 666 1899 homo
688 1832 846 1920 gignitur,
865 1834 990 1912 alitur,
1020 1836 1140 1922 giguit,

142 1936 229 2016 edit,
252 1934 351 2014 bibit,
373 1936 508 2014 dormit,
531 1936 685 2015 senescit,
709 1936 855 2000 moritur.
899 1939 943 2002 Et
953 1940 1033 2002 haec
1055 1961 1144 2004 oom-

142 2039 250 2106 munia
270 2050 343 2105 eunt
362 2039 541 2114 hominibus
564 2040 708 2106 omnibus
730 2051 763 2103 et
783 2038 875 2105 mutis
898 2040 991 2104 etiam
1006 2041 1144 2106 animan·

141 2143 241 2208 tibus.
284 2144 332 2208 At
352 2155 477 2208 caetera
499 2142 664 2208 animantia
678 2144 779 2208 anima
792 2165 857 2208 non
872 2143 975 2208 animo
990 2145 1143 2227 praedita,

142 2247 226 2312 sicut
246 2257 349 2312 totum
369 2246 418 2310 sui
440 2258 545 2312 ortum
565 2268 698 2312 sexuum
720 2247 914 2340 copulationi
935 2251 1071 2326 debent,
1102 2248 1161 2314 ita'

144 2351 246 2414 ierom
266 2351 434 2412 secundum
456 2359 598 2414 neumam
618 2351 776 2416 feruntuu
826 2353 899 2416 Leo
921 2351 1067 2416 carnibus
1090 2372 1147 2416 ve·

140 2452 244 2518 scitur
264 2465 297 2516 et
317 2453 419 2518 laesus
441 2472 476 2516 se
496 2453 676 2530 ulciscitur;
713 2466 746 2518 et
774 2455 817 2519 ob
846 2454 878 2517 id
907 2475 1014 2519 omnes
1036 2455 1145 2518 leones

145 2569 178 2622 et
201 2555 349 2620 carnibus
371 2568 543 2621 vesctmtur
565 2569 595 2620 et
616 2557 812 2621 ulciscuntur
824 2577 906 2622 sese.
940 2557 1029 2642 Agni
1046 2559 1148 2620 herba

144 2671 338 2743 pascantur,
368 2679 480 2724 carnes
501 2682 566 2724 non
588 2659 766 2746 attingtmt,
801 2671 833 2724 et
853 2659 986 2730 laesise
1007 2682 1072 2726 non
1094 2661 1145 2724 ul-

143 2763 328 2840 ciscuntur,
376 2775 471 2847 atque
507 2763 538 2826 id
572 2764 716 2829 omnibus
760 2764 849 2850 agnis
887 2763 1045 2848 ingenium
1085 2776 1146 2828 est.

143 2865 299 2948 Scorpim
320 2877 438 2928 terram
460 2865 544 2942 edit,
580 2866 736 2951 laeditque
757 2889 823 2931 non
843 2867 945 2932 laesus
967 2855 1058 2950 iliae,
1090 2889 1146 2932 ve·

141 2981 257 3036 uenata
278 2969 409 3051 cuspide
430 2971 624 3034 verberans:
648 2971 778 3033 ethaeo
799 2970 915 3034 malitia
935 2983 985 3035 est
1002 2969 1146 3036 omnibus

141 3071 292 3154 scorpiis.
336 3071 486 3137 Formica
512 3094 571 3156 per
600 3069 742 3137 natruam
764 3074 855 3139 novit
875 3074 1009 3138 hiemem
1033 3083 1141 3138 ventu·
1261 3149 1267 3160 ,

142 3195 235 3252 rau,
270 3186 302 3238 et
329 3185 448 3240 aestate
468 3186 538 3241 tota
558 3175 707 3241 laborans
729 3176 874 3242 recondit
894 3177 955 3242 sibi
976 3175 1143 3240 alimenta:

142 3289 177 3342 et
198 3275 246 3340 sic
265 3277 412 3342 laborant
431 3278 584 3344 ior-micae
606 3299 728 3344 omnes.
782 3281 864 3364 Apis
890 3280 951 3343 mel
971 3276 1146 3343 fabricatur

142 3379 264 3444 atinde
278 3378 434 3462 pascitm,
469 3381 560 3447 etsie
577 3381 772 3446 fabricantur
794 3403 869 3466 apes
892 3401 1013 3446 omnes.
1059 3381 1145 3446 P'os·

140 3506 210 3552 um
240 3482 355 3546 mtrltas
383 3483 506 3548 adferre
535 3485 610 3550 alias
638 3485 760 3570 species
796 3483 1017 3560 animantium,
1066 3505 1147 3570 qnae

141 3609 215 3654 cum
238 3595 391 3656 anamra
411 3609 466 3652 sua
487 3600 644 3672 nequeant
666 3589 859 3667 abscedere,
898 3588 1026 3654 multam
1055 3588 1147 3653 nobis

140 3693 297 3776 praebent
318 3690 488 3756 admirandi
516 3691 695 3758 materiam:
734 3695 790 3758 sed
810 3689 953 3758 sufficere
976 3690 1145 3758 arbitratus
1189 3760 1192 3768 ,

140 3817 212 3858 eunt
234 3793 398 3878 productis
421 3794 571 3876 exemplis
593 3806 738 3861 testatum
768 3796 895 3874 iacere,
936 3796 1003 3866 alia¹
1020 3795 1144 3880 quidem

141 3898 310 3966 numantia
331 3918 393 3982 pro
416 3917 452 3964 ea
468 3909 583 3966 natura
606 3920 684 3984 quae
708 3898 804 3984 ipsis,
838 3913 889 3966 aut
912 3901 942 3964 in
966 3919 1141 3976 cornutula,
