2748 4514
235 325 296 390 104

230 492 301 583 μὴ
296 490 346 576 ⁶)
375 487 450 561 ὅτ”ττ
472 488 490 559 6
511 487 710 573 Ἀσκληπιὸς
737 481 809 556 τού·
822 491 1092 579 προΐστασθαι,
1085 479 1247 564 Πύντες

181 676 186 688 Ι
230 598 315 721 γοῦν
326 593 441 683 σχεδὸν
457 591 635 694 ἄνθρωποι
652 587 948 710 καταφεύγουσιν
939 585 983 658 ἐτι
1007 583 1127 669 ἀνιὸν,
1151 587 1246 654 ἔνθα

231 696 273 767 66
298 700 584 792 ἐπιφανέστατος
577 695 619 779 6,
650 685 948 772 πειττστευκότές’
926 707 991 759 οτιέ
1003 697 1073 770 τοῖς
1095 687 1245 758 σπουδά-

232 797 385 883 ζουσιν
366 797 468 868 αυτὸν
488 799 571 887 ἔχειν
595 795 711 884 ἰατρὸν
735 798 863 886 μᾶλλον
888 797 951 862 τῶν
977 790 1015 862 66
1038 788 1245 875 σπουδαζόν·

233 927 297 972 των
318 897 545 971 ἐπιδίδωσιν
525 897 626 970 αυτόν
648 899 686 982 ⁷).

468 1133 480 1158 ·
700 1107 773 1177 ΛΓ.
809 1137 813 1144 ·

302 1210 349 1281 Τὸ
371 1215 407 1280 δέ
428 1216 531 1332 λέγειν
552 1207 714 1299 ἡγεῖσθαι
736 1207 813 1288 τούς
834 1204 935 1298 οὐχ)
914 1206 1115 1297 ἐγγυωμένους
1141 1204 1177 1274 ἐν
1197 1214 1245 1298 τῷ

186 1393 188 1398 ,
234 1310 405 1396 σώζεσθαι
434 1312 494 1396 τὴν
521 1311 603 1381 καθ>
622 1310 736 1435 ὁρμὴν
757 1313 821 1379 τῶν
843 1309 932 1432 ζώων
954 1315 1139 1431 ἐνέργειαν,
1182 1277 1245 1392 666

234 1413 407 1499 σώζεσθαι
431 1442 488 1483 και
514 1414 553 1482 τὸ
583 1413 632 1509 ἐφ’
659 1412 753 1504 ἡμῖν,
793 1417 839 1482 τῶ
870 1412 915 1502 μὴ
941 1416 1007 1482 666
1036 1415 1063 1496 ¹)
1094 1409 1134 1479 τὸ
1162 1407 1243 1480 καθ

236 1515 343 1606 ὁρμὴν
364 1514 536 1606 γινόμενον
556 1521 607 1586 ἐπὶ
633 1525 702 1597 τοῖς
723 1513 869 1608 ὁρμῶσιν
890 1520 991 1599 ἐῑναι,
1013 1523 1069 1584 καὶ
1091 1512 1149 1583 διὰ
1171 1517 1245 1583 τού-

233 1645 273 1688 το
298 1623 441 1712 ἐρωτᾷν,
466 1624 494 1689 ἐι
521 1619 567 1709 μὴ
590 1615 749 1713 ἐνέργημα
771 1617 865 1688 τιτὸ
892 1617 940 1714 ἐφ’
968 1617 1046 1708 ἡμῖν
1067 1621 1156 1701 ἐστι,
1192 1621 1246 1684 καὶ

235 1720 402 1810 λαβόντας
423 1727 475 1791 ἐντὶ
496 1721 601 1818 τούτῳ
620 1720 720 1791 πάλιν
746 1725 885 1814 ἐρωτᾷν,
923 1725 951 1790 ἐι
970 1720 1015 1811 μὴ
1034 1724 1099 1790 τῶν
1116 1724 1244 1812 ἐνεργη·

232 1822 346 1914 μάτων
370 1826 401 1908 ²)
431 1824 553 1916 τὰμὲν
585 1829 668 1894 ἐῑναι
694 1829 786 1894 δοκεῖ
806 1823 887 1894 καθ’
916 1822 1042 1918 ὁρμὴν,
1078 1821 1122 1891 τὰ
1148 1827 1184 1891 δὲ
1207 1825 1244 1891 66

235 1925 318 1997 καθ’
351 1925 472 2021 ὁρμὴν,
509 1924 528 1996 6
557 1926 722 2016 λαβόντας
752 1924 852 1996 πάλιν
878 1931 1097 2020 ττροςτιθέναι
1111 1923 1243 2020 τούτῳ,

234 2030 275 2099 τὸ
303 2027 385 2119 μήτε
414 2035 479 2099 τῶν
511 2027 736 2122 ἐνεργημάτων
767 2039 843 2118 μὲν,
884 2029 929 2118 μη
956 2027 1038 2098 καθ’
1068 2027 1177 2122 ὁρμὴν
1212 2033 1245 2095 δὲ

236 2135 319 2202 ἐῖναί
351 2158 384 2199 τι
408 2129 457 2224 ἐφ’
484 2130 579 2220 ἡμῖν,
615 2141 671 2201 καὶ
698 2129 802 2200 ἆυτοῦ
830 2137 1099 2225 συγχωρουμένου
1132 2137 1161 2214 ³)
1199 2135 1247 2200 ἐπὶ

206 2301 210 2304 .
237 2231 370 2312 τούτοις
391 2230 591 2322 λαμβάνειν,
624 2234 663 2303 τὸ
686 2239 753 2304 πᾶν
779 2233 822 2302 τὸ·
839 2232 920 2304 καθ’
950 2233 1055 2328 ὁρμὴν
1077 2231 1248 2325 γινόμενον

236 2338 288 2404 ἐπὶ
310 2341 380 2416 τοῖς
401 2332 506 2416 ὁύτως
527 2341 711 2430 ἐνεργοῦσιν
733 2342 832 2422 ἐῐναι,
867 2338 974 2422 ἐπειδὴ
997 2341 1030 2407 ἐν
1051 2341 1163 2429 μηδενὶ
1185 2341 1248 2406 τῶν

236 2436 344 2518 ἄλλως
364 2442 598 2531 ἐνεργουμένων
627 2445 711 2523 ἐστὶ,
743 2449 800 2509 καὶ
831 2441 888 2510 διὰ
919 2438 1040 2509 τούτου
1077 2435 1107 2523 4)
1141 2444 1245 2529 λέγειν

236 2537 408 2624 σώζεσθαι
437 2539 524 2609 κατ’·
539 2541 661 2624 ἅυτούς
690 2551 745 2612 καὶ
773 2543 812 2611 τὸ
839 2548 990 2613 τοιοῦτον
1017 2541 1066 2638 ἐφ’
1095 2539 1192 2631 ἡμῖν,
1230 2537 1248 2611 6

236 2643 378 2713 δυνατὸν
403 2640 458 2738 ὑφ’
481 2642 572 2734 ἡμῶν
595 2649 756 2734 γενέσθαί
779 2673 813 2714 τε
842 2653 897 2713 καὶ
920 2645 983 2736 μὴ,
1019 2649 1103 2714 ἐῑναι
1129 2645 1171 2730 δὴ
1195 2652 1248 2715 καλ

236 2744 280 2812 τὰ
310 2744 396 2814 ὁύτω
431 2745 587 2835 γινόμενα
619 2753 652 2817 ἐν
685 2755 755 2828 τοῖς
786 2747 868 2816 καθ’
907 2747 1013 2842 ὁρμὴν
1047 2754 1247 2839 γινομένοις,

236 2847 308 2915 ἔστι
333 2851 402 2927 πῶς
434 2849 472 2917 66
508 2847 719 2920 παντάπασιν
748 2847 952 2978 ἀγνοούντων
982 2856 1089 2920 ταῦτα
1112 2847 1249 2974 ³66696

237 2951 411 3018 ποιοῦνται
429 2952 507 3032 τούς
524 2951 660 3042 λόγους,·
700 2952 802 3022 06
759 2982 828 3078 γαρ
854 2958 881 3023 ἐι
901 2958 934 3023 ἐν
952 2962 1035 3034 τοῖς
1033 2951 1160 3022 νιαθΗ
1144 2952 1248 3072 ορμὴν

237 3053 537 3146 ἐνεργουμένοις
502 3081 541 3122 το
567 3055 618 3150 ἐφ
641 3054 719 3154 ἡμῖν
741 3061 824 3125 ἐῐναι
846 3055 1089 3146 συγκεχώρηται
1108 3056 1166 3125 διὰ
1189 3060 1246 3125 τοῦ

236 3153 362 3243 λόγου,
383 3154 446 3240 666
465 3159 531 3226 πᾶν
545 3157 583 3225 τὸ
602 3155 726 3228 καθ’
710 3159 816 3254 ορμὴν
838 3158 1066 3287 ἐνεργούμενρν
1087 3157 1137 3254 ἐφ’
1161 3157 1247 3251 ἡμῖν.

242 3263 358 3327 Ταῦτα
389 3258 454 3353 γὰρ
484 3256 661 3348 μόνωτον
689 3259 769 3329 καθ’
802 3259 907 3353 ὁρμὴν
927 3268 1104 3352 γινομένων
1131 3260 1172 3330 τὸ
1194 3259 1242 3358 ἐφ’

236 3358 315 3450 ἡμῖν
339 3363 423 3452 ἔχει,
460 3359 525 3432 666
549 3361 635 3432 κατὰ
663 3368 797 3452 λογυκην
822 3392 927 3457 ορμην
948 3373 1133 3459 ἐνεργεῖται.
1176 3371 1247 3434 Λο-

236 3462 311 3551 γικὴ
333 3459 398 3533 δ”
382 3474 469 3536 ἐστὶν
494 3464 579 3560 ὁρμὴ
601 3470 635 3536 έν
654 3474 725 3548 τοῖς
745 3472 969 3555 βουλευτικοῖς
990 3495 1024 3537 τε
1046 3475 1102 3537 καὶ
1127 3493 1245 3591 προαι-

237 3573 378 3657 ρετικοῐς
399 3569 428 3649 ⁵)
448 3577 617 3658 γινομένη,
638 3576 807 3639 τουτέστιν
822 3567 843 3660 6
858 3575 922 3640 τῶν
936 3564 1185 3663 ἆνθρύιτων,“
1165 3595 1247 3644 οταν

237 3670 289 3736 ἐπὶ
316 3665 448 3748 τούτοις
478 3675 621 3758 γίνεται,
655 3677 720 3742 τῶν
748 3672 813 3767 γὰρ
846 3672 955 3742 ἄλλων
983 3671 1072 3757 ζώων
1100 3679 1136 3742 αἱ
1163 3673 1243 3744 καθ’

239 3766 356 3860 ὁρμὴν
367 3774 523 3888 ἐνέργειαι
552 3775 591 3843 06
621 3781 793 3858 τοιαῦται,
829 3769 884 3844 ὅτι
910 3773 1020 3890 μηκέτ’
1048 3779 1104 3844 ἐν
1099 3780 1245 3857 ἐκείνοις

235 3873 365 3954 ἐξουσία
387 3877 445 3941 τοῦ
467 3882 523 3943 καὶ
541 3874 588 3964 μή
602 3893 650 3945 ’τι
677 3905 755 3960 τιοω
757 3903 814 3946 σαι
842 3875 882 3945 τὸ
911 3865 992 3946 καθ
1023 3875 1141 3970 ὁρμὴν
1158 3883 1241 3973 ἐνερ·
