2790 4512
146 504 337 587 ruptione,
375 527 486 588 quare·
501 507 532 570 iu
566 507 613 570 bis
651 512 763 574 Fatum
794 514 983 577 versabitur.
1049 518 1172 580 Verum

147 631 256 690 quum
284 631 335 672 ex·
352 608 401 671 bis
427 614 577 694 quaedam
605 613 637 675 in
670 627 737 676 arte
763 627 794 676 et
818 617 943 680 ratione
964 620 1096 700 quadam
1121 642 1174 681 ar*

146 711 303 788 tiliciali,
344 715 505 794 quaedam·
524 736 565 777 ex
590 717 778 798 proposito,
795 779 798 786 ,
814 723 964 802 quaedam
990 743 1030 783 ex
1062 733 1174 786 namra

149 814 257 891 fiant,
295 815 558 880 considerandum
584 831 631 881 est
661 821 692 881 iu
725 843 860 904 quonam
895 825 1010 886 borum
1035 825 1075 888 sit
1107 827 1133 888 F
1136 848 1172 887 a·

151 928 243 994 tum,
269 918 320 994 si,
345 930 381 982 ut
401 918 433 982 in
451 921 595 984 omnibus
617 921 676 1000 sit,
700 924 894 1006 impossibile
912 939 972 988 est.
1016 928 1081 990 Res
1097 951 1178 991 sane-

154 1043 241 1103 quae
261 1043 306 1084 ex
326 1033 394 1085 arte
415 1023 511 1100 fiunt,
535 1024 562 1088 si
583 1026 652 1108 quis
664 1031 840 1090 ,secundum
857 1030 970 1091 Fatum
992 1041 1024 1091 et
1051 1052 1119 1094 esse
1141 1043 1173 1094 et

153 1122 230 1188 lieri
249 1137 388 1202 asserat,
427 1147 623 1210 nequaquam
643 1129 844 1211 opinionibus
870 1135 908 1195 de
930 1133 1012 1196 Fato
1035 1155 1174 1197 consen-

152 1227 228 1290 tier.
275 1227 457 1292 Ridiculum
484 1230 601 1313 quippe
627 1244 674 1294 est
696 1235 811 1296 lectum
834 1246 887 1296 aut
907 1257 1067 1298 scamnum
1089 1238 1172 1299 Fato

155 1329 283 1392 sactum
308 1353 376 1394 esse
402 1332 506 1396 dicere
528 1345 581 1396 aut
601 1335 702 1415 lyram
723 1337 929 1401 modulationi
950 1343 1172 1403 accommoda-2

156 1443 226 1496 tam
247 1437 417 1498 secrmdum
444 1438 580 1512 Fatum;
612 1437 659 1500 ita
687 1439 769 1501 enim
792 1440 893 1504 omnis
919 1461 969 1504 ars
998 1441 1080 1507 Fato
1103 1464 1172 1505 esse

158 1536 296 1600 diceurr.
341 1538 426 1619 Quiu
454 1561 494 1602 ne
524 1561 561 1614 ea
584 1542 710 1625 quidem
739 1532 873 1626 quorum
897 1566 990 1609 causa
1020 1556 1067 1607 est
1091 1567 1171 1626 pro÷
1241 1577 1247 1581 ·

157 1641 318 1722 positum,
350 1643 433 1706 Fato
461 1663 531 1707 esse
558 1657 705 1726 possunt.
729 1647 876 1709 ‘Horum
905 1647 1049 1710 enimin
1078 1639 1171 1710 nobis

157 1745 351 1826 principium
378 1757 443 1823 est,
481 1768 546 1811 non
569 1760 672 1811 autem
694 1748 911 1824 extrinsecus3
950 1751 1064 1812 Fatum
1092 1771 1176 1846 verq

156 1847 190 1910 in
211 1860 330 1912 nostro
355 1849 487 1913 arbitrio
508 1862 655 1914 nonest.
699 1852 782 1912 Nam
808 1850 866 1914 etsi
887 1852 1000 1914 Fatum
1026 1852 1109 1914 cirea
1132 1873 1169 1916 ea

157 1964 328 2027 versetur,
353 1952 437 2016 circa
459 1975 538 2038 quae
560 1966 705 2016 versatur
727 1953 818 2016 etiam
840 1953 973 2016 liberum
991 1954 1167 2029 arbitrium,

156 2066 264 2117 tamen
295 2054 401 2118 differt
424 2079 442 2120 a
466 2057 568 2122 libero
598 2057 743 2121 arbitrio.
799 2057 889 2137 Quae
916 2057 1014 2142 igitur
1036 2070 1169 2120 exarte

156 2169 191 2218 et
204 2159 385 2240 ‚proposito
403 2160 499 2235 fiunt,
531 2183 549 2222 a
570 2163 652 2224 Fato
674 2161 843 2224 auferenda
867 2171 962 2223 stmt:
995 2160 1043 2222 bis
1065 2173 1171 2224 autem

67 2305 71 2314 ·
161 2260 296 2338 ablatis,
320 2262 519 2346 reliquuntur
541 2285 593 2340 ea,
619 2286 755 2347 quorum
774 2263 984 2349 generationis
1007 2277 1169 2328 causaest

160 2376 299 2442 natura,
347 2365 380 2430 in
416 2387 496 2450 quae
529 2369 642 2430 Fatum
673 2368 839 2450 imperium
872 2368 989 2430 babere
1031 2367 1170 2430 videtur,

163 2467 287 2551 Siquis
306 2481 411 2532 autem
433 2470 571 2533 exactius
596 2483 627 2534 et
649 2471 827 2555 diligentius
853 2469 1027 2553 disquirere
1054 2469 1168 2534 volue-

161 2570 279 2636 niteas
304 2573 493 2652 sententias,
528 2597 608 2658 quae
630 2578 668 2643 de
690 2577 773 2638 Fato
798 2573 946 2636 recitatae
972 2585 1064 2648 suut,
1104 2594 1169 2637 uon

161 2674 248 2738 circa
270 2676 331 2741 alia
358 2699 461 2761 neque
489 2679 521 2741 in
552 2679 618 2742 aliis
639 2679 724 2762 ipsas
751 2678 888 2741 inveniet
913 2678 1028 2740 Fatum
1050 2676 1169 2739 consti*

163 2789 269 2856 tuere,
305 2801 399 2864 quam
427 2781 459 2845 in
483 2781 520 2845 iis
546 2804 625 2867 quae
654 2781 838 2845 naturaliter
859 2780 949 2845 fiunt.
1004 2779 1047 2842 Et
1073 2779 1104 2841 in
1130 2779 1171 2843 iis

163 2879 239 2962 ipsis
259 2884 449 2965 praesertim
477 2885 657 2949 animalibus
689 2897 720 2948 et
752 2906 831 2967 quae
863 2905 904 2946 ex
932 2903 1042 2948 eorum
1070 2883 1171 2946 colla-

162 2983 248 3048 tione
274 2998 480 3071 generantur.
524 2991 637 3072 Neque
660 2988 741 3051 enim
765 2987 913 3050 usitatum
938 2998 1006 3062 est,
1041 2998 1076 3067 ut
1099 3007 1168 3048 mu*

164 3097 248 3150 tuam
279 3089 508 3154 elementorum
539 3092 831 3160 transmutationem
857 3091 939 3154 Fato
975 3089 1044 3152 beri
1083 3087 1169 3152 dica«

164 3211 245 3252 mus.
288 3191 373 3256 Cmu
401 3194 506 3278 itaque
531 3197 643 3260 Fatum
668 3195 700 3257 in
730 3194 768 3256 iis
797 3205 941 3257 versetur
967 3211 1046 3274 quae
1071 3211 1173 3270 supra
1277 3211 1279 3214 ·

165 3296 430 3372 memoravimus,
465 3307 597 3383 cumque
621 3300 653 3362 id
678 3299 848 3361 delaratum
877 3296 938 3369 sit,
973 3313 1169 3375 consequeus

163 3393 240 3458 binc
264 3410 346 3460 esset
368 3421 537 3482 quaerere,
575 3414 680 3464 utrum
704 3401 767 3464 tale
789 3399 934 3474 exsistat,
970 3406 1003 3457 ut
1023 3415 1168 3460 necessa·

160 3498 250 3568 rium.
268 3521 307 3562 ac
328 3501 508 3566 inevitabile
529 3505 587 3581 sit,
611 3518 647 3568 ut
667 3517 761 3588 poeta
784 3501 894 3586 inquit.

236 3616 309 3670 Non
330 3621 479 3687 quisquam
496 3621 600 3674 Fatum
619 3621 725 3686 bontas,
744 3627 796 3670 aut
814 3625 855 3669 sit
874 3618 1096 3687 pessimus‘ille,

238 3717 389 3772 Devitare
406 3727 520 3789 potest,
538 3721 586 3774 uhi
602 3729 726 3794 primum
744 3723 853 3778 viderit
873 3735 969 3774 auras.
1002 3733 1006 3742 '
