2754 4510
246 315 306 378 228

250 483 314 550 τῶν
334 481 427 575 τῆδε,
456 473 645 565 γινόσκοιεν
669 468 770 540 ἀυτά·
801 467 840 539 05
859 468 925 593 γὰρ
947 457 1068 598 θέμις,
1090 467 1206 540 οὐδ
1190 468 1261 542 οίόν

250 607 285 652 τε
306 577 448 661 θεοὺς
432 578 497 649 υπὸ
522 574 679 670 χειρόνων
705 581 761 644 καί
787 571 833 664 μὴ
866 570 969 650 όντων
996 559 1040 661 γέ
1069 601 1121 643 πω
1151 577 1261 642 διατί-

251 689 399 754 θεσθαι.
450 678 540 751 Ἐπεὶ
569 676 850 750 κινδυνεόουσιν’
838 676 888 744 έτι
915 680 948 744 οί
969 673 1074 756 θεοὺς
1092 681 1196 765 μέν
1175 685 1265 746 εἶναι

201 817 205 826 “
251 790 451 877 νομίζοντες,
488 782 548 868 τὴν
576 787 611 853 δέ
639 789 712 900 περὶ
739 777 783 849 τά
810 781 884 875 τῇδε
912 775 1017 847 ἀυτῶν
1037 777 1208 872 πρόνοιάν
1229 806 1264 849 τε

252 897 309 959 καί
326 893 540 1010 ἑιμαρμένην
558 884 769 978 ἀναιροῦντες
789 877 836 967 ⁴),
871 887 933 950 καί
947 878 1005 964 τὴν
1024 888 1097 974 περὶ
1117 881 1164 950 τά
1186 885 1266 980 τῇδε

253 990 360 1063 ἀυτῶν
380 995 500 1080 γνῶσιν
521 986 685 1087 ἀναιρεῖν·
708 984 773 1057 οὐτ’
798 984 839 1055 ἀν
853 1012 897 1081 τῳ
882 987 1137 1054 διατίθεσθαι
1152 990 1266 1079 κρείτ·

253 1121 331 1176 τους
353 1091 419 1165 ὑπὸ
441 1089 596 1188 χειρόνων
617 1086 858 1180 γινωσκόντων,
880 1086 945 1157 οότ
970 1087 1010 1160 ἀν
1033 1114 1078 1156 τω
1062 1090 1266 1159 διατιθέ-

198 1239 202 1250 ·
252 1224 325 1282 ναι,
354 1200 441 1290 ε’ίπερ
458 1192 582 1287 μηδὲ’
563 1196 665 1263 αἰτιοι
687 1198 769 1262 έιοίν
786 1190 910 1262 ἀυτων·
943 1159 1089 1315 (ἀνάγκη
1102 1189 1169 1285 γάρ
1194 1195 1265 1263 πάν

175 1325 178 1332 ·
252 1295 291 1370 τό
311 1303 472 1390 γινῶσκον
501 1296 523 1380 5
553 1294 647 1393 ἀιτία
672 1304 729 1365 και
751 1297 798 1390 τῷ
820 1294 1089 1377 διατιθέναι,’
1074 1291 1096 1377 5
1124 1297 1264 1384 μεθέξει

253 1410 309 1473 καί
346 1405 393 1470 τῶ
427 1366 656 1470 διατίθεσθαι
685 1396 870 1488 γινώσκειν,
903 1398 1028 1480 ἄλλως
1061 1392 1090 1467 δ’
1127 1396 1189 1468 οῦκ
1221 1397 1264 1469 ἀν

253 1501 399 1596 γνώσεως
420 1498 666 1626 συμβαινούσης
691 1499 737 1593 μή
770 1529 859 1584 τινος
886 1499 927 1572 ἀν
959 1508 1015 1571 καί
1041 1497 1263 1590 γινώσκοντος

253 1606 337 1703 πρὸς
356 1605 503 1697 γνωστὸν
523 1607 694 1686 κοινωνίας
713 1609 926 1696 γιγνομένης.)
960 1603 1051 1682 Ἔιτε
1072 1612 1129 1674 καί
1157 1601 1262 1674 ἀίτιοι

252 1715 350 1803 μέν’
334 1718 396 1780 είεν
419 1711 484 1779 τῶν
510 1712 585 1805 τῇδε
610 1714 643 1776 οἱ
668 1714 764 1791 θεοὶ,
807 1707 853 1799 μὴ
874 1705 999 1805 ἀνάγκη
1020 1713 1056 1778 δὲ
1084 1703 1206 1799 μηδ’
1184 1735 1262 1801 ωρι·

255 1820 378 1906 σμένως
400 1817 460 1882 ἐίεν
481 1809 598 1895 ἀίτιοι,
621 1803 665 1882 ὧν
685 1811 726 1882 ἀν
747 1810 848 1882 ἀίτιοι
864 1813 1044 1934 γίγνοιντο
1065 1803 1174 1880 055‘
1157 1807 1263 1891 οότως
1346 1801 1350 1812 ’

254 1917 296 1988 ἀν
316 1908 471 1987 εἰδείεν“
447 1943 533 1984 αττα
553 1924 633 1984 ποτέ
657 1912 835 2008 δράσουσι,
863 1913 910 2006 μὴ
935 1913 995 1984 οὐκ
1017 1912 1206 2002 ἀναγκαίως
1226 1941 1261 1984 τε

169 2045 173 2052 ·
255 2024 288 2106 έξ
311 2018 429 2099 ἀιόνος
449 2017 533 2110 πρὸς
553 2016 641 2086 ἀυτά
662 2025 718 2086 καὶ
738 2015 998 2111 ἀπαρατρέπτως
1018 2019 1159 2108 ἔχοντες·
1188 2014 1258 2087 ἀλλ’

256 2121 322 2192 όίτε
340 2128 420 2191 θεοὶ
444 2124 537 2189 ἴσασι
558 2118 601 2201 τά
621 2117 776 2208 ἐσόμενα,
797 2127 853 2189 καί
873 2118 1064 2214 ἀνθρώπων
1086 2117 1198 2217 όῖςπερ
1220 2121 1261 2192 ἀν

255 2230 425 2306 ἐθέλοιεν,
460 2230 517 2291 καὶ
532 2220 718 2307 καθόσον,
754 2225 1026 2317 προσημαίνουσι.
1093 2228 1165 2295 Καί
1193 2253 1261 2297 τισι

254 2335 310 2398 καὶ
333 2323 616 2420 προμεμαθηκόσι
643 2329 707 2396 τόν
735 2331 911 2452 ἐσομένων,
945 2327 1034 2397 ἔστιν
1060 2322 1165 2399 ἀκαί
1192 2357 1263 2400 πει·

254 2436 411 2562 ρωμένοις
437 2433 628 2526 διαφυγεῖν,
667 2421 816 2500 οὐδὲν
794 2456 894 2513 ηττον
918 2427 1054 2558 ἀρυκτά
1078 2458 1114 2501 τε
1146 2429 1263 2515 ἀυτοῖς

254 2539 378 2658 ἐγένετο
400 2540 459 2626 καί
481 2529 721 2636 ἀναπόδραστα
744 2531 788 2602 τά
807 2540 1018 2632 πεπρωμένα,
1049 2541 1120 2616 τοῖς
1147 2541 1261 2606 δὲκαὶ

254 2636 344 2708 ἀυτῶ
372 2633 479 2732 τούτω
511 2638 557 2705 τό
590 2632 888 2764 προμεμαθηκέναι
919 2663 953 2707 τε
988 2644 1044 2706 καί
1071 2641 1263 2732 πειρᾶσθαι

254 2746 449 2864 διμφυγείν,
498 2746 569 2821 τοῖς
600 2745 822 2834 πεπρωμένοις
849 2747 1032 2834 περιπεσεῖν
1063 2747 1184 2832 συνέβη
1213 2746 1263 2829 ⁵),

255 2839 349 2913 όότω
369 2869 435 2913 που
466 2845 645 2913 καὶτοῦτο
675 2846 869 2938 ἕιμαρμένον
895 2840 1024 2968 ἀυτοῖς
1068 2842 1190 2916 ὀόκονν
1220 2846 1264 2918 ἀν

255 2945 339 3016 έῖναι
370 2941 551 3029 ἀνάλυσιν,
599 2945 677 3016 οὐδὲ
708 2944 927 3070 παρατροπὴν
957 2974 1032 3017 τινα
1067 2958 1138 3030 τοῖς
1171 2943 1264 3035 ἀπσξ

175 3108 180 3116 .
255 3047 320 3119 ὑπὸ
353 3043 433 3128 Διός
459 3073 494 3116 τε
522 3051 733 3140 ἐγνωσμένοις
761 3049 839 3134 εξ”
819 3054 953 3133 αιῶνος,
1000 3059 1055 3122 καί
1083 3056 1263 3153 ἕιμαρμὲνῃ

257 3157 448 3242 δεδεμένοις.

310 3252 447 3326 ³A55’
431 3281 460 3324 ει
487 3249 597 3324 πάντα
618 3248 773 3348 όίρισται,
805 3258 890 3351 φαίη
915 3255 956 3327 ἀν
983 3285 1049 3344 τις,
1080 3267 1137 3330 καί
1165 3257 1264 3332 οὐδὲν

258 3351 323 3442 ό,τι
342 3358 389 3451 μὴ
411 3355 556 3448 ἀνάγκης
569 3361 747 3454 ,μετείληφε
768 3362 831 3430 τῶν
852 3358 957 3430 όντων
978 3389 1012 3431 τε
1033 3369 1088 3432 καὶ
1111 3369 1264 3453 γιγνομέ-

184 3523 187 3528 A
257 3487 338 3546 νων,
374 3462 410 3531 έν
436 3489 471 3533 τε
500 3465 564 3532 τῶν
592 3459 825 3556 ἀνθρώπων’
808 3461 918 3554 οίχοιτ
948 3462 1034 3551 ἀνὴ
1069 3469 1263 3590 ἐλευθερία,

257 3571 314 3690 νομί
316 3562 373 3689 5
383 3568 457 3648 δίκη
476 3569 512 3635 ἐκ
533 3567 597 3637 τόν
617 3569 726 3652 θεῶν,
756 3569 819 3637 τῶν
842 3565 1154 3700 μὲνάνθρόπων
1134 3568 1265 3667 ανάγκη

258 3661 327 3738 ἀπ’
358 3665 401 3738 ἀν
431 3667 606 3761 πράττοιεν
635 3667 861 3794 πραττόντων,
894 3679 950 3741 καὶ
980 3670 1088 3742 οὐκέτι
1120 3671 1185 3742 οὐτ’
1220 3673 1265 3743 ἀν

153 3865 157 3871 .
258 3774 377 3864 κυρίων
407 3773 530 3840 ἑαυτῶν
562 3772 681 3855 ὄντων,
716 3771 782 3842 οὐτ’
817 3772 858 3843 ἀν
891 3779 1091 3901 ἐλευθέρων,
1132 3778 1197 3845 τόν
1226 3782 1265 3846 δὲ

258 3873 402 3944 5s5v³
381 3899 455 3958 ητοι
490 3873 688 3969 τοπαράπαν
719 3873 919 3972 ἀφεστώτων
949 3877 990 3950 ἀν
1020 3883 1080 3949 τοῦ
1112 3877 1267 3965 κοίάζειν
1347 3869 1350 3880 ³
