<?xml version="1.0" encoding="UTF-8"?>
<!DOCTYPE html PUBLIC "-//W3C//DTD XHTML 1.0 Transitional//EN"
    "http://www.w3.org/TR/xhtml1/DTD/xhtml1-transitional.dtd">
<html xmlns="http://www.w3.org/1999/xhtml" xml:lang="en" lang="en">
 <head>
  <title>
</title>
<meta http-equiv="Content-Type" content="text/html;charset=utf-8" />
  <meta name='ocr-system' content='tesseract 3.04.00' />
  <meta name='ocr-capabilities' content='ocr_page ocr_carea ocr_par ocr_line ocrx_word'/>
</head>
<body>
  <div class='ocr_page' id='page_1' title='image "./alexandriaprodi00alexgoog_0110.png"; bbox 0 0 2748 4514; ppageno 0'>
   <div class='ocr_carea' id='block_1_1' title="bbox 633 319 1114 385">
    <p class='ocr_par' dir='ltr' id='par_1_1' title="bbox 633 319 1114 385">
     <span class='ocr_line' id='line_1_1' title="bbox 633 319 1114 385; baseline -0.002 0"><span class='ocrx_word' id='word_1_1' title='bbox 633 319 637 350; x_wconf 66' lang='lat'>‘</span> <span class='ocrx_word' id='word_1_2' title='bbox 1075 323 1114 385; x_wconf 79' lang='lat'><strong>93</strong></span> 
     </span>
    </p>
   </div>
   <div class='ocr_carea' id='block_1_2' title="bbox 102 473 1186 3461">
    <p class='ocr_par' dir='ltr' id='par_1_2' title="bbox 108 473 1135 1708">
     <span class='ocr_line' id='line_1_2' title="bbox 108 473 1113 568; baseline 0.014 -28"><span class='ocrx_word' id='word_1_3' title='bbox 108 475 205 542; x_wconf 80' lang='lat' dir='ltr'><strong>tionis</strong></span> <span class='ocrx_word' id='word_1_4' title='bbox 227 475 312 540; x_wconf 82' lang='lat' dir='ltr'><strong>eninr</strong></span> <span class='ocrx_word' id='word_1_5' title='bbox 333 493 403 538; x_wconf 85' lang='lat' dir='ltr'><strong>esse</strong></span> <span class='ocrx_word' id='word_1_6' title='bbox 430 473 586 540; x_wconf 85' lang='lat' dir='ltr'><strong>videbitur</strong></span> <span class='ocrx_word' id='word_1_7' title='bbox 612 479 766 548; x_wconf 90' lang='lat' dir='ltr'><strong>interdum</strong></span> <span class='ocrx_word' id='word_1_8' title='bbox 794 485 864 550; x_wconf 86' lang='lat' dir='ltr'><strong>viro</strong></span> <span class='ocrx_word' id='word_1_9' title='bbox 884 491 990 568; x_wconf 84' lang='lat' dir='ltr'><strong>probo</strong></span> <span class='ocrx_word' id='word_1_10' title='bbox 1013 491 1064 552; x_wconf 81' lang='lat' dir='ltr'><strong>vel</strong></span> <span class='ocrx_word' id='word_1_11' title='bbox 1080 491 1113 554; x_wconf 91' lang='lat' dir='ltr'><strong>in</strong></span> 
     </span>
     <span class='ocr_line' id='line_1_3' title="bbox 110 581 1113 658; baseline 0.015 -14"><span class='ocrx_word' id='word_1_12' title='bbox 110 585 195 658; x_wconf 88' lang='lat' dir='ltr'><strong>hoc,</strong></span> <span class='ocrx_word' id='word_1_13' title='bbox 233 592 269 644; x_wconf 91' lang='lat' dir='ltr'><strong>ut</strong></span> <span class='ocrx_word' id='word_1_14' title='bbox 300 582 445 645; x_wconf 88' lang='lat' dir='ltr'><strong>ostendat</strong></span> <span class='ocrx_word' id='word_1_15' title='bbox 474 581 649 646; x_wconf 83' lang='lat' dir='ltr'><strong>libertatem</strong></span> <span class='ocrx_word' id='word_1_16' title='bbox 678 607 763 650; x_wconf 89' lang='lat' dir='ltr'><strong>suam</strong></span> <span class='ocrx_word' id='word_1_17' title='bbox 797 588 880 652; x_wconf 88' lang='lat' dir='ltr'><strong>cirea</strong></span> <span class='ocrx_word' id='word_1_18' title='bbox 913 591 1052 656; x_wconf 84' lang='lat' dir='ltr'>actiones</span> <span class='ocrx_word' id='word_1_19' title='bbox 1081 595 1113 658; x_wconf 85' lang='lat' dir='ltr'><strong>id</strong></span> 
     </span>
     <span class='ocr_line' id='line_1_4' title="bbox 109 681 1113 776; baseline 0.016 -30"><span class='ocrx_word' id='word_1_20' title='bbox 109 681 174 748; x_wconf 80' lang='lat' dir='ltr'><strong>riou</strong></span> <span class='ocrx_word' id='word_1_21' title='bbox 191 705 311 770; x_wconf 85' lang='lat' dir='ltr'><strong>agere,</strong></span> <span class='ocrx_word' id='word_1_22' title='bbox 336 687 422 768; x_wconf 87' lang='lat' dir='ltr'><strong>quod</strong></span> <span class='ocrx_word' id='word_1_23' title='bbox 446 707 516 748; x_wconf 88' lang='lat' dir='ltr'><strong>cnm</strong></span> <span class='ocrx_word' id='word_1_24' title='bbox 537 685 659 750; x_wconf 88' lang='lat' dir='ltr'><strong>ratione</strong></span> <span class='ocrx_word' id='word_1_25' title='bbox 679 689 820 752; x_wconf 88' lang='lat' dir='ltr'><strong>facturus</strong></span> <span class='ocrx_word' id='word_1_26' title='bbox 842 681 1061 776; x_wconf 67' lang='lat' dir='ltr'><strong>luerat‚&#39;puta</strong></span> <span class='ocrx_word' id='word_1_27' title='bbox 1086 697 1113 762; x_wconf 88' lang='lat' dir='ltr'><strong>si</strong></span> 
     </span>
     <span class='ocr_line' id='line_1_5' title="bbox 110 788 1110 872; baseline 0.01 -20"><span class='ocrx_word' id='word_1_28' title='bbox 110 801 197 852; x_wconf 78' lang='lat' dir='ltr'><strong>vates</strong></span> <span class='ocrx_word' id='word_1_29' title='bbox 223 789 338 872; x_wconf 83' lang='lat' dir='ltr'><strong>aliquis</strong></span> <span class='ocrx_word' id='word_1_30' title='bbox 363 788 570 870; x_wconf 82' lang='lat' dir='ltr'><strong>praedixisset</strong></span> <span class='ocrx_word' id='word_1_31' title='bbox 600 790 686 854; x_wconf 91' lang='lat' dir='ltr'><strong>illum</strong></span> <span class='ocrx_word' id='word_1_32' title='bbox 710 794 890 856; x_wconf 88' lang='lat' dir='ltr'><strong>necessario</strong></span> <span class='ocrx_word' id='word_1_33' title='bbox 921 797 985 860; x_wconf 89' lang='lat' dir='ltr'><strong>hoe</strong></span> <span class='ocrx_word' id='word_1_34' title='bbox 1008 799 1110 862; x_wconf 84' lang='lat' dir='ltr'><strong>laetu-</strong></span> 
     </span>
     <span class='ocr_line' id='line_1_6' title="bbox 109 893 1112 978; baseline 0.014 -25"><span class='ocrx_word' id='word_1_35' title='bbox 109 913 192 954; x_wconf 86' lang='lat' dir='ltr'><strong>rutn.</strong></span> <span class='ocrx_word' id='word_1_36' title='bbox 236 895 281 956; x_wconf 85' lang='lat' dir='ltr'><strong>Et</strong></span> <span class='ocrx_word' id='word_1_37' title='bbox 299 895 364 956; x_wconf 93' lang='lat' dir='ltr'><strong>hoc</strong></span> <span class='ocrx_word' id='word_1_38' title='bbox 381 893 482 974; x_wconf 89' lang='lat' dir='ltr'><strong>ipsum</strong></span> <span class='ocrx_word' id='word_1_39' title='bbox 499 894 572 976; x_wconf 84' lang='lat' dir='ltr'><strong>quia</strong></span> <span class='ocrx_word' id='word_1_40' title='bbox 586 895 783 978; x_wconf 88' lang='lat' dir='ltr'><strong>prospiciunt</strong></span> <span class='ocrx_word' id='word_1_41' title='bbox 804 911 890 961; x_wconf 88' lang='lat' dir='ltr'><strong>vates</strong></span> <span class='ocrx_word' id='word_1_42' title='bbox 912 906 1052 966; x_wconf 84' lang='lat' dir='ltr'><strong>metuunt</strong></span> <span class='ocrx_word' id='word_1_43' title='bbox 1072 925 1112 967; x_wconf 89' lang='lat' dir='ltr'><strong>ne</strong></span> 
     </span>
     <span class='ocr_line' id='line_1_7' title="bbox 110 995 1109 1086; baseline 0.015 -30"><span class='ocrx_word' id='word_1_44' title='bbox 110 995 197 1058; x_wconf 91' lang='lat' dir='ltr'><strong>illico</strong></span> <span class='ocrx_word' id='word_1_45' title='bbox 222 995 433 1073; x_wconf 82' lang='lat' dir='ltr'><strong>refellantur,</strong></span> <span class='ocrx_word' id='word_1_46' title='bbox 471 1018 536 1061; x_wconf 91' lang='lat' dir='ltr'><strong>non</strong></span> <span class='ocrx_word' id='word_1_47' title='bbox 563 999 666 1062; x_wconf 79' lang='lat' dir='ltr'>solent</span> <span class='ocrx_word' id='word_1_48' title='bbox 697 1000 771 1063; x_wconf 90' lang='lat' dir='ltr'><strong>talia</strong></span> <span class='ocrx_word' id='word_1_49' title='bbox 802 1001 906 1065; x_wconf 83' lang='lat' dir='ltr'><strong>dicere</strong></span> <span class='ocrx_word' id='word_1_50' title='bbox 932 1008 1015 1086; x_wconf 89' lang='lat' dir='ltr'><strong>apud</strong></span> <span class='ocrx_word' id='word_1_51' title='bbox 1035 1027 1109 1084; x_wconf 85' lang='lat' dir='ltr'><strong>eos,</strong></span> 
     </span>
     <span class='ocr_line' id='line_1_8' title="bbox 111 1097 1112 1181; baseline 0.014 -21"><span class='ocrx_word' id='word_1_52' title='bbox 111 1097 165 1180; x_wconf 84' lang='lat' dir='ltr'><strong>qui</strong></span> <span class='ocrx_word' id='word_1_53' title='bbox 195 1097 286 1179; x_wconf 92' lang='lat' dir='ltr'><strong>ipsos</strong></span> <span class='ocrx_word' id='word_1_54' title='bbox 320 1099 424 1162; x_wconf 88' lang='lat' dir='ltr'><strong>statim</strong></span> <span class='ocrx_word' id='word_1_55' title='bbox 451 1112 585 1181; x_wconf 89' lang='lat' dir='ltr'><strong>possunt</strong></span> <span class='ocrx_word' id='word_1_56' title='bbox 616 1101 687 1166; x_wconf 84' lang='lat' dir='ltr'><strong>salsi</strong></span> <span class='ocrx_word' id='word_1_57' title='bbox 721 1103 897 1168; x_wconf 76' lang='lat' dir='ltr'><strong>revincere.</strong></span> <span class='ocrx_word' id='word_1_58' title='bbox 955 1107 1007 1170; x_wconf 84' lang='lat' dir='ltr'><strong>Ae</strong></span> <span class='ocrx_word' id='word_1_59' title='bbox 1031 1109 1112 1174; x_wconf 90' lang='lat' dir='ltr'><strong>sicut</strong></span> 
     </span>
     <span class='ocr_line' id='line_1_9' title="bbox 109 1200 1110 1294; baseline 0.01 -30"><span class='ocrx_word' id='word_1_60' title='bbox 109 1211 258 1282; x_wconf 88' lang='lat' dir='ltr'><strong>tempora</strong></span> <span class='ocrx_word' id='word_1_61' title='bbox 286 1200 414 1266; x_wconf 84' lang='lat' dir='ltr'><strong>delinire</strong></span> <span class='ocrx_word' id='word_1_62' title='bbox 436 1223 546 1268; x_wconf 87' lang='lat' dir='ltr'><strong>eorum</strong></span> <span class='ocrx_word' id='word_1_63' title='bbox 565 1225 644 1287; x_wconf 91' lang='lat' dir='ltr'><strong>quae</strong></span> <span class='ocrx_word' id='word_1_64' title='bbox 664 1205 771 1270; x_wconf 84' lang='lat' dir='ltr'><strong>futura</strong></span> <span class='ocrx_word' id='word_1_65' title='bbox 793 1207 919 1284; x_wconf 76' lang='lat' dir='ltr'><strong>simut,</strong></span> <span class='ocrx_word' id='word_1_66' title='bbox 943 1222 979 1272; x_wconf 86' lang='lat' dir='ltr'><strong>ut</strong></span> <span class='ocrx_word' id='word_1_67' title='bbox 998 1213 1110 1294; x_wconf 86' lang='lat' dir='ltr'><strong>depre-</strong></span> 
     </span>
     <span class='ocr_line' id='line_1_10' title="bbox 108 1303 1110 1392; baseline 0.013 -27"><span class='ocrx_word' id='word_1_68' title='bbox 108 1303 256 1367; x_wconf 85' lang='lat' dir='ltr'><strong>hensioni</strong></span> <span class='ocrx_word' id='word_1_69' title='bbox 273 1316 487 1386; x_wconf 81' lang='lat' dir='ltr'><strong>opportunum</strong></span> <span class='ocrx_word' id='word_1_70' title='bbox 508 1306 683 1392; x_wconf 84' lang='lat' dir='ltr'><strong>defugiunt,</strong></span> <span class='ocrx_word' id='word_1_71' title='bbox 708 1310 754 1373; x_wconf 88' lang='lat' dir='ltr'><strong>sie</strong></span> <span class='ocrx_word' id='word_1_72' title='bbox 768 1311 860 1374; x_wconf 88' lang='lat' dir='ltr'><strong>etiam</strong></span> <span class='ocrx_word' id='word_1_73' title='bbox 879 1325 991 1376; x_wconf 84' lang='lat' dir='ltr'><strong>cavent</strong></span> <span class='ocrx_word' id='word_1_74' title='bbox 1004 1314 1035 1378; x_wconf 89' lang='lat' dir='ltr'><strong>in</strong></span> <span class='ocrx_word' id='word_1_75' title='bbox 1054 1337 1110 1378; x_wconf 85' lang='lat' dir='ltr'><strong>va·</strong></span> 
     </span>
     <span class='ocr_line' id='line_1_11' title="bbox 108 1405 1135 1494; baseline 0.018 -27"><span class='ocrx_word' id='word_1_76' title='bbox 108 1405 269 1470; x_wconf 83' lang='lat' dir='ltr'><strong>ticinando</strong></span> <span class='ocrx_word' id='word_1_77' title='bbox 290 1407 407 1491; x_wconf 87' lang='lat' dir='ltr'><strong>aliquid</strong></span> <span class='ocrx_word' id='word_1_78' title='bbox 427 1409 532 1474; x_wconf 81' lang='lat' dir='ltr'><strong>dicere</strong></span> <span class='ocrx_word' id='word_1_79' title='bbox 552 1410 686 1494; x_wconf 91' lang='lat' dir='ltr'><strong>illisqui</strong></span> <span class='ocrx_word' id='word_1_80' title='bbox 706 1414 810 1478; x_wconf 88' lang='lat' dir='ltr'><strong>statim</strong></span> <span class='ocrx_word' id='word_1_81' title='bbox 829 1417 1021 1482; x_wconf 86' lang='lat' dir='ltr'><strong>contrarium</strong></span> <span class='ocrx_word' id='word_1_82' title='bbox 1042 1418 1108 1484; x_wconf 86' lang='lat' dir='ltr'><strong>eius</strong></span> <span class='ocrx_word' id='word_1_83' title='bbox 1132 1427 1135 1440; x_wconf 80' lang='grc'>’</span> 
     </span>
     <span class='ocr_line' id='line_1_12' title="bbox 108 1499 815 1598; baseline 0.008 -22"><span class='ocrx_word' id='word_1_84' title='bbox 108 1514 197 1592; x_wconf 85' lang='lat' dir='ltr'><strong>qnod</strong></span> <span class='ocrx_word' id='word_1_85' title='bbox 216 1499 503 1589; x_wconf 59' lang='lat' dir='ltr'><strong>fert&#39;vatieinatim</strong></span> <span class='ocrx_word' id='word_1_86' title='bbox 527 1514 650 1578; x_wconf 85' lang='lat' dir='ltr'><strong>efficere</strong></span> <span class='ocrx_word' id='word_1_87' title='bbox 671 1529 815 1598; x_wconf 82' lang='lat' dir='ltr'><strong>possunt.</strong></span> 
     </span>
     <span class='ocr_line' id='line_1_13' title="bbox 379 1619 876 1708; baseline 0.006 -28"><span class='ocrx_word' id='word_1_88' title='bbox 379 1625 382 1634; x_wconf 85' lang='grc'><em>“</em></span> <span class='ocrx_word' id='word_1_89' title='bbox 551 1619 669 1682; x_wconf 88' lang='grc' dir='ltr'><strong>ΧΧΧ.</strong></span> <span class='ocrx_word' id='word_1_90' title='bbox 833 1687 837 1695; x_wconf 60' lang='lat'><strong>.</strong></span> <span class='ocrx_word' id='word_1_91' title='bbox 873 1699 876 1708; x_wconf 16' lang='grc' dir='ltr'>ι</span> 
     </span>
    </p>

    <p class='ocr_par' dir='ltr' id='par_1_3' title="bbox 102 1721 1186 3461">
     <span class='ocr_line' id='line_1_14' title="bbox 168 1721 1108 1804; baseline 0.011 -19"><span class='ocrx_word' id='word_1_92' title='bbox 168 1721 269 1802; x_wconf 81' lang='lat' dir='ltr'><strong>Quod</strong></span> <span class='ocrx_word' id='word_1_93' title='bbox 290 1742 372 1786; x_wconf 84' lang='lat' dir='ltr'><strong>vero</strong></span> <span class='ocrx_word' id='word_1_94' title='bbox 389 1721 521 1804; x_wconf 88' lang='lat' dir='ltr'><strong>amplius</strong></span> <span class='ocrx_word' id='word_1_95' title='bbox 548 1722 655 1786; x_wconf 86' lang='lat' dir='ltr'><strong>dicunt</strong></span> <span class='ocrx_word' id='word_1_96' title='bbox 674 1743 734 1804; x_wconf 90' lang='lat' dir='ltr'><strong>par</strong></span> <span class='ocrx_word' id='word_1_97' title='bbox 754 1744 823 1786; x_wconf 88' lang='lat' dir='ltr'><strong>esse</strong></span> <span class='ocrx_word' id='word_1_98' title='bbox 844 1726 930 1789; x_wconf 89' lang='lat' dir='ltr'><strong>credi</strong></span> <span class='ocrx_word' id='word_1_99' title='bbox 947 1728 1036 1792; x_wconf 89' lang='lat' dir='ltr'><strong>Deos</strong></span> <span class='ocrx_word' id='word_1_100' title='bbox 1058 1730 1108 1797; x_wconf 84' lang='lat' dir='ltr'><strong>fu·</strong></span> 
     </span>
     <span class='ocr_line' id='line_1_15' title="bbox 104 1824 1109 1913; baseline 0.008 -27"><span class='ocrx_word' id='word_1_101' title='bbox 104 1835 174 1886; x_wconf 84' lang='lat' dir='ltr'><strong>tura</strong></span> <span class='ocrx_word' id='word_1_102' title='bbox 194 1845 394 1906; x_wconf 81' lang='lat' dir='ltr'><strong>praenosse,</strong></span> <span class='ocrx_word' id='word_1_103' title='bbox 419 1827 572 1890; x_wconf 85' lang='lat' dir='ltr'><strong>absonum</strong></span> <span class='ocrx_word' id='word_1_104' title='bbox 599 1824 680 1887; x_wconf 90' lang='lat' dir='ltr'><strong>enim</strong></span> <span class='ocrx_word' id='word_1_105' title='bbox 706 1825 791 1890; x_wconf 82' lang='lat' dir='ltr'><strong>dictu</strong></span> <span class='ocrx_word' id='word_1_106' title='bbox 811 1848 867 1891; x_wconf 91' lang='lat' dir='ltr'><strong>eos</strong></span> <span class='ocrx_word' id='word_1_107' title='bbox 904 1830 1020 1913; x_wconf 88' lang='lat' dir='ltr'><strong>aliquid</strong></span> <span class='ocrx_word' id='word_1_108' title='bbox 1050 1832 1109 1894; x_wconf 90' lang='lat' dir='ltr'><strong>im-</strong></span> 
     </span>
     <span class='ocr_line' id='line_1_16' title="bbox 106 1927 1111 2016; baseline 0.005 -24"><span class='ocrx_word' id='word_1_109' title='bbox 106 1928 290 1992; x_wconf 85' lang='lat' dir='ltr'><strong>minentium</strong></span> <span class='ocrx_word' id='word_1_110' title='bbox 317 1927 489 2012; x_wconf 86' lang='lat' dir='ltr'><strong>ignorare,</strong></span> <span class='ocrx_word' id='word_1_111' title='bbox 520 1927 630 1992; x_wconf 90' lang='lat' dir='ltr'><strong>deinde</strong></span> <span class='ocrx_word' id='word_1_112' title='bbox 651 1930 715 1990; x_wconf 87' lang='lat' dir='ltr'><strong>hoe</strong></span> <span class='ocrx_word' id='word_1_113' title='bbox 740 1940 843 1993; x_wconf 90' lang='lat' dir='ltr'><strong>sumto</strong></span> <span class='ocrx_word' id='word_1_114' title='bbox 870 1952 911 1993; x_wconf 89' lang='lat' dir='ltr'><strong>ex</strong></span> <span class='ocrx_word' id='word_1_115' title='bbox 932 1954 972 1996; x_wconf 89' lang='lat' dir='ltr'><strong>eo</strong></span> <span class='ocrx_word' id='word_1_116' title='bbox 996 1947 1111 2016; x_wconf 86' lang='lat' dir='ltr'><strong>parant</strong></span> 
     </span>
     <span class='ocr_line' id='line_1_17' title="bbox 106 2031 1112 2110; baseline 0.006 -16"><span class='ocrx_word' id='word_1_117' title='bbox 106 2035 271 2095; x_wconf 84' lang='lat' dir='ltr'><strong>adstruere</strong></span> <span class='ocrx_word' id='word_1_118' title='bbox 294 2032 399 2096; x_wconf 89' lang='lat' dir='ltr'><strong>omnia</strong></span> <span class='ocrx_word' id='word_1_119' title='bbox 419 2031 597 2095; x_wconf 84' lang='lat' dir='ltr'><strong>necessario</strong></span> <span class='ocrx_word' id='word_1_120' title='bbox 613 2041 644 2094; x_wconf 89' lang='lat' dir='ltr'><strong>et</strong></span> <span class='ocrx_word' id='word_1_121' title='bbox 658 2031 796 2096; x_wconf 84' lang='lat' dir='ltr'><strong>fataliter</strong></span> <span class='ocrx_word' id='word_1_122' title='bbox 812 2032 900 2110; x_wconf 85' lang='lat' dir='ltr'><strong>fieri,</strong></span> <span class='ocrx_word' id='word_1_123' title='bbox 924 2033 957 2098; x_wconf 89' lang='lat' dir='ltr'><strong>id</strong></span> <span class='ocrx_word' id='word_1_124' title='bbox 977 2057 1037 2098; x_wconf 89' lang='lat' dir='ltr'><strong>nee</strong></span> <span class='ocrx_word' id='word_1_125' title='bbox 1054 2041 1112 2100; x_wconf 86' lang='lat' dir='ltr'><strong>ve-¹</strong></span> 
     </span>
     <span class='ocr_line' id='line_1_18' title="bbox 105 2135 1110 2217; baseline 0.004 -19"><span class='ocrx_word' id='word_1_126' title='bbox 105 2156 175 2198; x_wconf 89' lang='lat' dir='ltr'><strong>rnm</strong></span> <span class='ocrx_word' id='word_1_127' title='bbox 204 2149 276 2212; x_wconf 87' lang='lat' dir='ltr'><strong>est,</strong></span> <span class='ocrx_word' id='word_1_128' title='bbox 311 2156 370 2198; x_wconf 90' lang='lat' dir='ltr'><strong>nec</strong></span> <span class='ocrx_word' id='word_1_129' title='bbox 396 2135 575 2217; x_wconf 83' lang='lat' dir='ltr'><strong>probabile.</strong></span> <span class='ocrx_word' id='word_1_130' title='bbox 635 2137 718 2198; x_wconf 89' lang='lat' dir='ltr'><strong>Nam</strong></span> <span class='ocrx_word' id='word_1_131' title='bbox 749 2135 775 2200; x_wconf 93' lang='lat' dir='ltr'><strong>si</strong></span> <span class='ocrx_word' id='word_1_132' title='bbox 790 2149 915 2202; x_wconf 76' lang='lat' dir='ltr'><strong>natum</strong></span> <span class='ocrx_word' id='word_1_133' title='bbox 944 2141 1110 2202; x_wconf 54' lang='lat' dir='ltr'><strong>rerum‘id</strong></span> 
     </span>
     <span class='ocr_line' id='line_1_19' title="bbox 104 2237 1110 2323; baseline 0.007 -23"><span class='ocrx_word' id='word_1_134' title='bbox 104 2239 230 2320; x_wconf 88' lang='lat' dir='ltr'><strong>capiat,</strong></span> <span class='ocrx_word' id='word_1_135' title='bbox 267 2239 423 2302; x_wconf 86' lang='lat' dir='ltr'><strong>neminem</strong></span> <span class='ocrx_word' id='word_1_136' title='bbox 459 2239 559 2323; x_wconf 85' lang='lat' dir='ltr'><strong>magis</strong></span> <span class='ocrx_word' id='word_1_137' title='bbox 592 2237 743 2301; x_wconf 82' lang='lat' dir='ltr'><strong>credibile</strong></span> <span class='ocrx_word' id='word_1_138' title='bbox 775 2252 823 2302; x_wconf 90' lang='lat' dir='ltr'><strong>est</strong></span> <span class='ocrx_word' id='word_1_139' title='bbox 851 2253 985 2305; x_wconf 86' lang='lat' dir='ltr'><strong>ventura</strong></span> <span class='ocrx_word' id='word_1_140' title='bbox 1015 2265 1110 2307; x_wconf 87' lang='lat' dir='ltr'><strong>nosse</strong></span> 
     </span>
     <span class='ocr_line' id='line_1_20' title="bbox 103 2321 1110 2427; baseline 0.006 -24"><span class='ocrx_word' id='word_1_141' title='bbox 103 2363 202 2425; x_wconf 83' lang='lat' dir='ltr'><strong>qnam</strong></span> <span class='ocrx_word' id='word_1_142' title='bbox 218 2321 330 2412; x_wconf 78' lang='lat' dir='ltr'><strong>Deos:</strong></span> <span class='ocrx_word' id='word_1_143' title='bbox 353 2353 385 2404; x_wconf 87' lang='lat' dir='ltr'><strong>at</strong></span> <span class='ocrx_word' id='word_1_144' title='bbox 406 2365 476 2406; x_wconf 90' lang='lat' dir='ltr'><strong>cum</strong></span> <span class='ocrx_word' id='word_1_145' title='bbox 499 2354 609 2405; x_wconf 76' lang='lat' dir='ltr'><strong>natum</strong></span> <span class='ocrx_word' id='word_1_146' title='bbox 635 2344 727 2406; x_wconf 87' lang='lat' dir='ltr'><strong>talem</strong></span> <span class='ocrx_word' id='word_1_147' title='bbox 748 2344 995 2425; x_wconf 83' lang='lat' dir='ltr'><strong>praedictionem</strong></span> <span class='ocrx_word' id='word_1_148' title='bbox 1016 2368 1110 2427; x_wconf 86' lang='lat' dir='ltr'><strong>prae·</strong></span> 
     </span>
     <span class='ocr_line' id='line_1_21' title="bbox 103 2445 1110 2528; baseline 0.004 -20"><span class='ocrx_word' id='word_1_149' title='bbox 103 2445 346 2528; x_wconf 84' lang='lat' dir='ltr'><strong>sensionemque</strong></span> <span class='ocrx_word' id='word_1_150' title='bbox 368 2467 432 2510; x_wconf 91' lang='lat' dir='ltr'><strong>non</strong></span> <span class='ocrx_word' id='word_1_151' title='bbox 451 2445 570 2526; x_wconf 85' lang='lat' dir='ltr'><strong>capiat,</strong></span> <span class='ocrx_word' id='word_1_152' title='bbox 605 2467 644 2508; x_wconf 93' lang='lat' dir='ltr'><strong>ne</strong></span> <span class='ocrx_word' id='word_1_153' title='bbox 662 2447 716 2508; x_wconf 94' lang='lat' dir='ltr'><strong>Dii</strong></span> <span class='ocrx_word' id='word_1_154' title='bbox 738 2447 863 2528; x_wconf 89' lang='lat' dir='ltr'><strong>quidem</strong></span> <span class='ocrx_word' id='word_1_155' title='bbox 887 2448 973 2510; x_wconf 88' lang='lat' dir='ltr'><strong>credi</strong></span> <span class='ocrx_word' id='word_1_156' title='bbox 995 2450 1110 2513; x_wconf 89' lang='lat' dir='ltr'><strong>debent</strong></span> 
     </span>
     <span class='ocr_line' id='line_1_22' title="bbox 103 2548 1109 2633; baseline 0.005 -23"><span class='ocrx_word' id='word_1_157' title='bbox 103 2569 200 2612; x_wconf 85' lang='lat' dir='ltr'><strong>nosse</strong></span> <span class='ocrx_word' id='word_1_158' title='bbox 232 2569 316 2632; x_wconf 83' lang='lat' dir='ltr'><strong>quae</strong></span> <span class='ocrx_word' id='word_1_159' title='bbox 342 2548 433 2615; x_wconf 89' lang='lat' dir='ltr'><strong>nosci</strong></span> <span class='ocrx_word' id='word_1_160' title='bbox 456 2559 627 2632; x_wconf 89' lang='lat' dir='ltr'><strong>nequeunt.</strong></span> <span class='ocrx_word' id='word_1_161' title='bbox 686 2548 775 2628; x_wconf 84' lang='lat' dir='ltr'><strong>Quae</strong></span> <span class='ocrx_word' id='word_1_162' title='bbox 799 2548 881 2610; x_wconf 88' lang='lat' dir='ltr'><strong>enim</strong></span> <span class='ocrx_word' id='word_1_163' title='bbox 903 2550 1032 2614; x_wconf 90' lang='lat' dir='ltr'><strong>omnino</strong></span> <span class='ocrx_word' id='word_1_164' title='bbox 1050 2572 1109 2633; x_wconf 86' lang='lat' dir='ltr'><strong>per</strong></span> 
     </span>
     <span class='ocr_line' id='line_1_23' title="bbox 103 2651 1110 2734; baseline -0.001 -20"><span class='ocrx_word' id='word_1_165' title='bbox 103 2663 250 2714; x_wconf 88' lang='lat' dir='ltr'><strong>naturam</strong></span> <span class='ocrx_word' id='word_1_166' title='bbox 271 2651 344 2715; x_wconf 87' lang='lat' dir='ltr'><strong>fieri</strong></span> <span class='ocrx_word' id='word_1_167' title='bbox 360 2664 538 2734; x_wconf 85' lang='lat' dir='ltr'><strong>nequeunt,</strong></span> <span class='ocrx_word' id='word_1_168' title='bbox 571 2673 607 2714; x_wconf 89' lang='lat' dir='ltr'><strong>ea</strong></span> <span class='ocrx_word' id='word_1_169' title='bbox 630 2651 721 2714; x_wconf 86' lang='lat' dir='ltr'><strong>etiam</strong></span> <span class='ocrx_word' id='word_1_170' title='bbox 742 2653 825 2733; x_wconf 90' lang='lat' dir='ltr'><strong>apud</strong></span> <span class='ocrx_word' id='word_1_171' title='bbox 842 2651 931 2714; x_wconf 90' lang='lat' dir='ltr'><strong>Deos</strong></span> <span class='ocrx_word' id='word_1_172' title='bbox 953 2673 1019 2713; x_wconf 85' lang='lat' dir='ltr'><strong>eam</strong></span> <span class='ocrx_word' id='word_1_173' title='bbox 1042 2674 1110 2714; x_wconf 87' lang='lat' dir='ltr'><strong>ser-</strong></span> 
     </span>
     <span class='ocr_line' id='line_1_24' title="bbox 102 2753 1110 2838; baseline 0 -20"><span class='ocrx_word' id='word_1_174' title='bbox 102 2767 181 2818; x_wconf 82' lang='lat' dir='ltr'><strong>vant</strong></span> <span class='ocrx_word' id='word_1_175' title='bbox 200 2768 358 2819; x_wconf 89' lang='lat' dir='ltr'><strong>naturam.</strong></span> <span class='ocrx_word' id='word_1_176' title='bbox 402 2757 484 2818; x_wconf 85' lang='lat' dir='ltr'><strong>Nam</strong></span> <span class='ocrx_word' id='word_1_177' title='bbox 511 2755 602 2819; x_wconf 88' lang='lat' dir='ltr'><strong>etiam</strong></span> <span class='ocrx_word' id='word_1_178' title='bbox 628 2758 712 2837; x_wconf 89' lang='lat' dir='ltr'><strong>apud</strong></span> <span class='ocrx_word' id='word_1_179' title='bbox 739 2756 828 2818; x_wconf 91' lang='lat' dir='ltr'><strong>Deos</strong></span> <span class='ocrx_word' id='word_1_180' title='bbox 849 2753 920 2817; x_wconf 88' lang='lat' dir='ltr'><strong>fieri</strong></span> <span class='ocrx_word' id='word_1_181' title='bbox 947 2755 1054 2838; x_wconf 90' lang='lat' dir='ltr'><strong>nequit</strong></span> <span class='ocrx_word' id='word_1_182' title='bbox 1073 2767 1110 2818; x_wconf 88' lang='lat' dir='ltr'><strong>ut</strong></span> 
     </span>
     <span class='ocr_line' id='line_1_25' title="bbox 104 2856 1111 2939; baseline 0.002 -18"><span class='ocrx_word' id='word_1_183' title='bbox 104 2858 267 2922; x_wconf 84' lang='lat' dir='ltr'><strong>dimetiens</strong></span> <span class='ocrx_word' id='word_1_184' title='bbox 297 2858 380 2922; x_wconf 84' lang='lat' dir='ltr'><strong>linea</strong></span> <span class='ocrx_word' id='word_1_185' title='bbox 411 2859 451 2923; x_wconf 87' lang='lat' dir='ltr'><strong>sit</strong></span> <span class='ocrx_word' id='word_1_186' title='bbox 482 2879 542 2939; x_wconf 88' lang='lat' dir='ltr'><strong>par</strong></span> <span class='ocrx_word' id='word_1_187' title='bbox 569 2859 681 2934; x_wconf 86' lang='lat' dir='ltr'><strong>lateri,</strong></span> <span class='ocrx_word' id='word_1_188' title='bbox 721 2868 773 2920; x_wconf 89' lang='lat' dir='ltr'><strong>aut</strong></span> <span class='ocrx_word' id='word_1_189' title='bbox 804 2869 840 2920; x_wconf 92' lang='lat' dir='ltr'><strong>ut</strong></span> <span class='ocrx_word' id='word_1_190' title='bbox 876 2856 924 2919; x_wconf 88' lang='lat' dir='ltr'><strong>bis</strong></span> <span class='ocrx_word' id='word_1_191' title='bbox 954 2860 1017 2923; x_wconf 92' lang='lat' dir='ltr'><strong>duo</strong></span> <span class='ocrx_word' id='word_1_192' title='bbox 1049 2858 1111 2923; x_wconf 88' lang='lat' dir='ltr'><strong>sint</strong></span> 
     </span>
     <span class='ocr_line' id='line_1_26' title="bbox 104 2959 1186 3046; baseline 0 -21"><span class='ocrx_word' id='word_1_193' title='bbox 104 2962 267 3046; x_wconf 83' lang='lat' dir='ltr'><strong>quinque,</strong></span> <span class='ocrx_word' id='word_1_194' title='bbox 311 2974 364 3026; x_wconf 92' lang='lat' dir='ltr'><strong>aut</strong></span> <span class='ocrx_word' id='word_1_195' title='bbox 384 2974 420 3026; x_wconf 93' lang='lat' dir='ltr'><strong>ut</strong></span> <span class='ocrx_word' id='word_1_196' title='bbox 441 2963 529 3045; x_wconf 91' lang='lat' dir='ltr'><strong>quod</strong></span> <span class='ocrx_word' id='word_1_197' title='bbox 556 2961 672 3024; x_wconf 84' lang='lat' dir='ltr'><strong>lactum</strong></span> <span class='ocrx_word' id='word_1_198' title='bbox 705 2972 753 3023; x_wconf 88' lang='lat' dir='ltr'><strong>est</strong></span> <span class='ocrx_word' id='word_1_199' title='bbox 783 2959 936 3023; x_wconf 77' lang='lat' dir='ltr'><strong>infectum</strong></span> <span class='ocrx_word' id='word_1_200' title='bbox 961 2961 1013 3024; x_wconf 91' lang='lat' dir='ltr'><strong>sit.</strong></span> <span class='ocrx_word' id='word_1_201' title='bbox 1058 2962 1112 3025; x_wconf 79' lang='lat' dir='ltr'><strong>Ae&#39;</strong></span> <span class='ocrx_word' id='word_1_202' title='bbox 1180 2977 1186 2986; x_wconf 84' lang='lat'><em>&#39;</em></span> 
     </span>
     <span class='ocr_line' id='line_1_27' title="bbox 103 3063 1104 3148; baseline -0.001 -20"><span class='ocrx_word' id='word_1_203' title='bbox 103 3087 142 3128; x_wconf 88' lang='lat' dir='ltr'><strong>ne</strong></span> <span class='ocrx_word' id='word_1_204' title='bbox 160 3066 278 3130; x_wconf 85' lang='lat' dir='ltr'><strong>volunt</strong></span> <span class='ocrx_word' id='word_1_205' title='bbox 292 3065 418 3148; x_wconf 89' lang='lat' dir='ltr'><strong>quidem</strong></span> <span class='ocrx_word' id='word_1_206' title='bbox 433 3064 599 3148; x_wconf 86' lang='lat' dir='ltr'><strong>quicquam</strong></span> <span class='ocrx_word' id='word_1_207' title='bbox 613 3084 723 3128; x_wconf 89' lang='lat' dir='ltr'><strong>eorum</strong></span> <span class='ocrx_word' id='word_1_208' title='bbox 746 3084 826 3146; x_wconf 90' lang='lat' dir='ltr'><strong>quae</strong></span> <span class='ocrx_word' id='word_1_209' title='bbox 840 3063 911 3126; x_wconf 87' lang='lat' dir='ltr'><strong>fieri</strong></span> <span class='ocrx_word' id='word_1_210' title='bbox 933 3076 1104 3146; x_wconf 82' lang='lat' dir='ltr'><strong>nequeunt.</strong></span> 
     </span>
     <span class='ocr_line' id='line_1_28' title="bbox 104 3166 1109 3252; baseline -0.005 -20"><span class='ocrx_word' id='word_1_211' title='bbox 104 3171 216 3248; x_wconf 87' lang='lat' dir='ltr'><strong>(Esset</strong></span> <span class='ocrx_word' id='word_1_212' title='bbox 238 3168 322 3232; x_wconf 88' lang='lat' dir='ltr'><strong>enim</strong></span> <span class='ocrx_word' id='word_1_213' title='bbox 347 3169 378 3231; x_wconf 88' lang='lat' dir='ltr'><strong>in</strong></span> <span class='ocrx_word' id='word_1_214' title='bbox 399 3169 437 3232; x_wconf 87' lang='lat' dir='ltr'><strong>iis</strong></span> <span class='ocrx_word' id='word_1_215' title='bbox 463 3189 542 3251; x_wconf 75' lang='lat' dir='ltr'><strong>quiae</strong></span> <span class='ocrx_word' id='word_1_216' title='bbox 563 3167 698 3232; x_wconf 83' lang='lat' dir='ltr'><strong>diximus</strong></span> <span class='ocrx_word' id='word_1_217' title='bbox 714 3166 922 3252; x_wconf 82' lang='lat' dir='ltr'><strong>repugnantia</strong></span> <span class='ocrx_word' id='word_1_218' title='bbox 944 3168 1109 3248; x_wconf 81' lang='lat' dir='ltr'><strong>quaedam)</strong></span> 
     </span>
     <span class='ocr_line' id='line_1_29' title="bbox 102 3271 1109 3357; baseline -0.003 -23"><span class='ocrx_word' id='word_1_219' title='bbox 102 3283 134 3334; x_wconf 89' lang='lat' dir='ltr'><strong>et</strong></span> <span class='ocrx_word' id='word_1_220' title='bbox 156 3272 229 3335; x_wconf 84' lang='lat' dir='ltr'><strong>talis</strong></span> <span class='ocrx_word' id='word_1_221' title='bbox 263 3283 313 3334; x_wconf 88' lang='lat' dir='ltr'><strong>est</strong></span> <span class='ocrx_word' id='word_1_222' title='bbox 341 3271 433 3334; x_wconf 87' lang='lat' dir='ltr'><strong>etiam</strong></span> <span class='ocrx_word' id='word_1_223' title='bbox 457 3271 489 3334; x_wconf 90' lang='lat' dir='ltr'><strong>in</strong></span> <span class='ocrx_word' id='word_1_224' title='bbox 516 3291 578 3347; x_wconf 86' lang='lat' dir='ltr'><strong>eo,</strong></span> <span class='ocrx_word' id='word_1_225' title='bbox 616 3272 705 3357; x_wconf 86' lang='lat' dir='ltr'><strong>quod</strong></span> <span class='ocrx_word' id='word_1_226' title='bbox 727 3282 837 3351; x_wconf 87' lang='lat' dir='ltr'><strong>suapte</strong></span> <span class='ocrx_word' id='word_1_227' title='bbox 862 3280 974 3331; x_wconf 87' lang='lat' dir='ltr'><strong>natura</strong></span> <span class='ocrx_word' id='word_1_228' title='bbox 1002 3280 1109 3349; x_wconf 86' lang='lat' dir='ltr'><strong>potest</strong></span> 
     </span>
     <span class='ocr_line' id='line_1_30' title="bbox 102 3359 1109 3461; baseline -0.003 -23"><span class='ocrx_word' id='word_1_229' title='bbox 102 3373 171 3438; x_wconf 80' lang='lat' dir='ltr'><strong>fleri</strong></span> <span class='ocrx_word' id='word_1_230' title='bbox 189 3387 245 3440; x_wconf 86' lang='lat' dir='ltr'><strong>aut</strong></span> <span class='ocrx_word' id='word_1_231' title='bbox 268 3395 334 3438; x_wconf 89' lang='lat' dir='ltr'><strong>non</strong></span> <span class='ocrx_word' id='word_1_232' title='bbox 355 3373 446 3450; x_wconf 79' lang='lat' dir='ltr'><strong>lieri,</strong></span> <span class='ocrx_word' id='word_1_233' title='bbox 480 3385 627 3461; x_wconf 83' lang='lat' dir='ltr'><strong>tauquam</strong></span> <span class='ocrx_word' id='word_1_234' title='bbox 653 3371 780 3435; x_wconf 89' lang='lat' dir='ltr'><strong>omnino</strong></span> <span class='ocrx_word' id='word_1_235' title='bbox 809 3383 861 3433; x_wconf 88' lang='lat' dir='ltr'><strong>aut</strong></span> <span class='ocrx_word' id='word_1_236' title='bbox 888 3359 1032 3433; x_wconf 85' lang='lat' dir='ltr'><strong>futurum</strong></span> <span class='ocrx_word' id='word_1_237' title='bbox 1055 3383 1109 3436; x_wconf 76' lang='lat' dir='ltr'><strong>arnt</strong></span> 
     </span>
    </p>
   </div>
   <div class='ocr_carea' id='block_1_3' title="bbox 103 3471 1221 3566">
    <p class='ocr_par' dir='ltr' id='par_1_4' title="bbox 103 3471 1221 3566">
     <span class='ocr_line' id='line_1_31' title="bbox 103 3471 1221 3566; baseline -0.001 -26"><span class='ocrx_word' id='word_1_238' title='bbox 103 3495 166 3542; x_wconf 88' lang='lat' dir='ltr'><strong>non</strong></span> <span class='ocrx_word' id='word_1_239' title='bbox 196 3478 342 3541; x_wconf 78' lang='lat' dir='ltr'><strong>futurum</strong></span> <span class='ocrx_word' id='word_1_240' title='bbox 368 3489 608 3559; x_wconf 85' lang='lat' dir='ltr'><strong>praenoscatur.</strong></span> <span class='ocrx_word' id='word_1_241' title='bbox 667 3478 749 3538; x_wconf 83' lang='lat' dir='ltr'><strong>Nam</strong></span> <span class='ocrx_word' id='word_1_242' title='bbox 772 3474 799 3536; x_wconf 91' lang='lat' dir='ltr'><strong>si</strong></span> <span class='ocrx_word' id='word_1_243' title='bbox 819 3471 985 3554; x_wconf 85' lang='lat' dir='ltr'><strong>praenotio</strong></span> <span class='ocrx_word' id='word_1_244' title='bbox 1007 3476 1112 3554; x_wconf 87' lang='lat' dir='ltr'><strong>posita</strong></span> <span class='ocrx_word' id='word_1_245' title='bbox 1208 3557 1221 3566; x_wconf 20' lang='grc' dir='ltr'><strong>ἱ</strong></span> 
     </span>
    </p>
   </div>
   <div class='ocr_carea' id='block_1_4' title="bbox 103 3577 1111 3974">
    <p class='ocr_par' dir='ltr' id='par_1_5' title="bbox 103 3577 1111 3974">
     <span class='ocr_line' id='line_1_32' title="bbox 104 3577 1109 3668; baseline 0.001 -26"><span class='ocrx_word' id='word_1_246' title='bbox 104 3579 186 3645; x_wconf 89' lang='lat' dir='ltr'><strong>tollit</strong></span> <span class='ocrx_word' id='word_1_247' title='bbox 206 3591 342 3644; x_wconf 88' lang='lat' dir='ltr'><strong>eventus</strong></span> <span class='ocrx_word' id='word_1_248' title='bbox 361 3579 564 3668; x_wconf 81' lang='lat' dir='ltr'><strong>ambiguum,</strong></span> <span class='ocrx_word' id='word_1_249' title='bbox 589 3579 785 3641; x_wconf 82' lang='lat' dir='ltr'><strong>manifestum</strong></span> <span class='ocrx_word' id='word_1_250' title='bbox 801 3585 848 3637; x_wconf 89' lang='lat' dir='ltr'><strong>est</strong></span> <span class='ocrx_word' id='word_1_251' title='bbox 862 3585 896 3638; x_wconf 90' lang='lat' dir='ltr'><strong>nt</strong></span> <span class='ocrx_word' id='word_1_252' title='bbox 907 3577 970 3639; x_wconf 89' lang='lat' dir='ltr'><strong>hoe</strong></span> <span class='ocrx_word' id='word_1_253' title='bbox 988 3589 1109 3642; x_wconf 86' lang='lat' dir='ltr'><strong>maneat</strong></span> 
     </span>
     <span class='ocr_line' id='line_1_33' title="bbox 104 3676 1108 3768; baseline 0 -24"><span class='ocrx_word' id='word_1_254' title='bbox 104 3683 172 3746; x_wconf 81' lang='lat' dir='ltr'><strong>deri</strong></span> <span class='ocrx_word' id='word_1_255' title='bbox 200 3683 335 3768; x_wconf 87' lang='lat' dir='ltr'><strong>nequire</strong></span> <span class='ocrx_word' id='word_1_256' title='bbox 363 3696 398 3748; x_wconf 89' lang='lat' dir='ltr'><strong>ut</strong></span> <span class='ocrx_word' id='word_1_257' title='bbox 415 3694 502 3746; x_wconf 88' lang='lat' dir='ltr'><strong>certa</strong></span> <span class='ocrx_word' id='word_1_258' title='bbox 524 3685 562 3744; x_wconf 89' lang='lat' dir='ltr'><strong>de</strong></span> <span class='ocrx_word' id='word_1_259' title='bbox 588 3703 627 3746; x_wconf 90' lang='lat' dir='ltr'><strong>eo</strong></span> <span class='ocrx_word' id='word_1_260' title='bbox 650 3681 689 3744; x_wconf 91' lang='lat' dir='ltr'><strong>sit</strong></span> <span class='ocrx_word' id='word_1_261' title='bbox 707 3676 886 3762; x_wconf 83' lang='lat' dir='ltr'><strong>praenotio.</strong></span> <span class='ocrx_word' id='word_1_262' title='bbox 918 3678 984 3741; x_wconf 89' lang='lat' dir='ltr'><strong>·Sic</strong></span> <span class='ocrx_word' id='word_1_263' title='bbox 1004 3693 1108 3744; x_wconf 83' lang='lat' dir='ltr'><strong>autem</strong></span> 
     </span>
     <span class='ocr_line' id='line_1_34' title="bbox 104 3781 1111 3865; baseline -0.004 -14"><span class='ocrx_word' id='word_1_264' title='bbox 104 3807 225 3852; x_wconf 80' lang='lat' dir='ltr'><strong>serem</strong></span> <span class='ocrx_word' id='word_1_265' title='bbox 253 3789 374 3850; x_wconf 88' lang='lat' dir='ltr'><strong>habere</strong></span> <span class='ocrx_word' id='word_1_266' title='bbox 401 3785 606 3865; x_wconf 81' lang='lat' dir='ltr'><strong>exipsorum</strong></span> <span class='ocrx_word' id='word_1_267' title='bbox 628 3781 780 3846; x_wconf 88' lang='lat' dir='ltr'><strong>sententia</strong></span> <span class='ocrx_word' id='word_1_268' title='bbox 792 3791 933 3861; x_wconf 86' lang='lat' dir='ltr'><strong>apertum</strong></span> <span class='ocrx_word' id='word_1_269' title='bbox 953 3793 1017 3857; x_wconf 90' lang='lat' dir='ltr'><strong>est,</strong></span> <span class='ocrx_word' id='word_1_270' title='bbox 1039 3782 1111 3846; x_wconf 86' lang='lat' dir='ltr'><strong>inde</strong></span> 
     </span>
     <span class='ocr_line' id='line_1_35' title="bbox 103 3882 1109 3974; baseline -0.008 -18"><span class='ocrx_word' id='word_1_271' title='bbox 103 3893 190 3974; x_wconf 87' lang='lat' dir='ltr'><strong>quod</strong></span> <span class='ocrx_word' id='word_1_272' title='bbox 211 3892 278 3954; x_wconf 84' lang='lat' dir='ltr'><strong>hoe</strong></span> <span class='ocrx_word' id='word_1_273' title='bbox 301 3899 404 3954; x_wconf 86' lang='lat' dir='ltr'><strong>sumto</strong></span> <span class='ocrx_word' id='word_1_274' title='bbox 427 3889 522 3956; x_wconf 83' lang='lat' dir='ltr'><strong>Deos·</strong></span> <span class='ocrx_word' id='word_1_275' title='bbox 534 3905 705 3971; x_wconf 79' lang='lat' dir='ltr'><strong>praenosse</strong></span> <span class='ocrx_word' id='word_1_276' title='bbox 724 3894 855 3950; x_wconf 86' lang='lat' dir='ltr'><strong>ventura</strong></span> <span class='ocrx_word' id='word_1_277' title='bbox 875 3882 947 3948; x_wconf 77' lang='lat' dir='ltr'><strong>inde</strong></span> <span class='ocrx_word' id='word_1_278' title='bbox 971 3883 1109 3950; x_wconf 84' lang='lat' dir='ltr'><strong>inleumt</strong></span> 
     </span>
    </p>
   </div>
   <div class='ocr_carea' id='block_1_5' title="bbox 0 0 1378 4514">
    <p class='ocr_par' dir='ltr' id='par_1_6' title="bbox 0 0 1378 4514">
     <span class='ocr_line' id='line_1_36' title="bbox 0 0 1378 4514; baseline 0 0"><span class='ocrx_word' id='word_1_279' title='bbox 0 0 1378 4514; x_wconf 95' lang='lat' dir='ltr'><strong> </strong></span> 
     </span>
    </p>
   </div>
  </div>
 </body>
</html>
