2790 4512
1101 327 1160 389 133

147 509 235 560 ctum
267 515 337 558 esse
370 493 498 558 dicimus
512 493 528 570 ,'
560 496 655 564 uelut}
675 507 828 559 monstra.
885 495 970 562 Cum
991 497 1072 562 enim
1094 519 1158 566 non

149 599 239 662 cuius
260 597 334 664 finis
357 597 461 697 gratia
482 597 578 660 fiebat
598 598 632 661 id
653 601 740 682 quod
753 600 870 664 facum
885 611 950 678 est,
974 601 1158 668 naturaliter
1267 648 1269 654 .

146 703 220 780 fiat,
256 713 376 766 temere
405 700 438 763 id
469 713 500 764 et
532 723 607 764 casu
634 703 752 766 factum
781 723 850 766 esse
879 705 1030 768 dicimus:
1069 717 1102 768 et
1126 705 1159 768 id

147 809 238 890 quod
260 816 466 868 consecutum
489 816 536 868 est
558 827 654 890 quum
676 807 762 888 quod
782 807 902 886 ¹frustra
921 807 978 884 sit,
1004 820 1051 870 est
1065 830 1159 872 causa

148 930 207 992 per
234 908 404 995 accidens,
444 929 517 970 casu
544 908 662 971 factum
690 929 758 971 esse
787 909 935 974 dicimus:
973 923 1004 973 et
1032 913 1158 993 penitus

149 1033 243 1074 omne
276 1011 327 1086 id,
367 1013 454 1094 quod
480 1033 547 1074 rem
579 1033 659 1094 quae
687 1012 872 1075 naturaliter
899 1013 935 1074 fit
956 1027 1160 1077 consecutum

148 1127 214 1190 est,
251 1136 317 1177 non
339 1114 493 1200 exsistens
515 1115 602 1178 cuius
625 1115 728 1200 gratia
748 1115 865 1192 fiebat,
889 1129 1007 1179 temere
1030 1129 1061 1178 et
1083 1140 1158 1182 casu

148 1219 270 1280 iactum
293 1238 361 1280 esse
384 1217 509 1281 dieitur.
553 1219 603 1281 Ita
625 1219 723 1300 lapis,
759 1219 813 1302 qui
834 1220 979 1301 delapsus
1000 1219 1041 1282 sit
1061 1233 1156 1304 atque

149 1341 190 1384 eo
214 1323 310 1384 modo
332 1321 498 1397 ceciderit,
533 1333 569 1383 ut
597 1323 702 1386 locum
732 1325 771 1385 ad
802 1323 972 1386 sedendum
1003 1325 1157 1404 praebere

148 1423 277 1506 possit,
312 1444 388 1486 casu
407 1425 491 1486 hunc
510 1425 605 1494 situm
626 1425 757 1502 habuit,
792 1426 847 1509 qui
867 1439 1016 1510 seqrurtns
1039 1439 1087 1490 est
1101 1449 1157 1488 na·

146 1528 284 1590 turalem
304 1527 415 1609 lapidis
441 1528 680 1612 propulsioncm
707 1541 843 1610 propter
871 1531 1077 1613 gravitatem:
1114 1530 1157 1592 si·

148 1630 263 1694 militer
284 1651 403 1713 equus,
443 1629 497 1714 qui
518 1631 627 1712 pabuli
654 1633 801 1696 aviditate
831 1636 870 1694 ad
890 1636 974 1704 hunc
994 1635 1100 1700 locum
1122 1653 1167 1713 se.

146 1734 290 1814 recepit,
329 1747 360 1796 et
393 1746 566 1815 propterea
601 1735 766 1798 incolumis
799 1738 838 1798 ab
868 1735 1012 1799 hostibus
1040 1735 1155 1799 evasit.

148 1837 313 1900 Naturalis
335 1837 416 1900 enim
438 1837 489 1922 ille
512 1837 573 1900 cibi
597 1838 753 1920 appetitus
774 1839 882 1902 salutis
905 1847 999 1902 causa
1021 1838 1152 1914 exstitit,

143 1941 310 2022 cumipse
333 1953 433 2010 tamen
455 1962 519 2005 non
543 1941 666 2004 venerit
693 1954 728 2003 ut
755 1955 956 2005 servareturae
995 1942 1047 2005 Illi
1075 1961 1156 2004 vero

144 2045 203 2128 qui
225 2043 270 2107 ita
292 2045 442 2108 definiunt
464 2046 658 2119 Fortunam,
694 2041 762 2108 esse
785 2045 903 2119 scilieet
925 2066 1049 2108 causam
1062 2043 1158 2128 igno·
1232 2081 1237 2092 ·
1319 2055 1323 2062 '

148 2159 211 2210 tarn
232 2149 387 2213 humanae
405 2147 521 2210 rationi
536 2159 566 2210 et
582 2147 735 2224 abditam,
758 2160 900 2218 naturam
916 2150 1077 2216 Fortunae
1093 2169 1158 2213 non

150 2250 363 2325 constituunt,
387 2253 444 2320 sed
464 2250 497 2312 in
519 2251 603 2333 munli
623 2251 784 2314 hominum
795 2251 975 2316 habitudine
992 2255 1032 2315 ad
1046 2273 1156 2315 causas

149 2354 324 2417 Fortunam
346 2375 415 2416 csse
438 2364 600 2416 statuunt:
646 2355 729 2416 Nam
757 2356 820 2417 hoc
841 2367 937 2436 pacto
959 2356 1041 2420 idem
1064 2354 1156 2416 alicui
1226 2346 1236 2366 ”

148 2456 208 2520 erit
226 2455 420 2532 aFortrma,
446 2455 635 2531 alieuioron,
659 2457 686 2519 si
707 2457 758 2520 hic
781 2458 845 2520 eius
869 2480 993 2522 euersam
1015 2457 1153 2534 noverit,

146 2559 200 2620 ille
233 2570 335 2622 curtem
366 2559 508 2642 ignoret.
567 2559 740 2622 Praeterea
769 2581 863 2642 quum
901 2582 1011 2622 causae
1048 2561 1156 2641 plures
1250 2565 1253 2572 ’

149 2672 222 2724 sunt
243 2661 379 2724 eiusdem
400 2662 449 2724 rei
469 2662 712 2745 (quadripartito
736 2662 817 2730 enim
839 2663 957 2726 divisae
972 2664 1057 2742 suut)
1079 2685 1156 2746 qua·

144 2787 219 2828 rum
241 2767 389 2847 quasdam
411 2765 492 2828 scire
514 2765 687 2850 contingit,
724 2767 872 2848 quasdam
899 2765 1067 2850 ignorare,
1102 2766 1158 2842 fiet

148 2868 286 2931 attidem
308 2867 400 2930 simul
426 2867 525 2930 eidem
553 2869 594 2932 sit
616 2870 799 2932 a‘Fortuna
821 2880 851 2929 et
872 2890 937 2932 non
960 2889 977 2931 a
999 2870 1154 2945 Fortuna,

147 2971 174 3036 si
194 2971 292 3052 ipsius
316 2991 427 3036 causas
449 2975 598 3054 quasdam
621 2964 814 3062 cognoscat,
845 2975 995 3055 qiuasdam
1015 2972 1154 3056 ignoret.

147 3075 223 3138 Non
246 3073 328 3136 enim
350 3073 511 3136 definitum
526 3086 584 3149 est,
608 3085 743 3156 propter
767 3073 853 3136 cuius
876 3097 1040 3138 causarum
1060 3075 1155 3158 igno-

146 3176 279 3242 cantiam
294 3179 441 3240 Fortuna
463 3178 515 3240 sit.
561 3177 594 3238 Si
615 3177 696 3239 enirn
718 3177 844 3252 dicant„
855 3199 921 3241 non
944 3199 1069 3240 eausam
1084 3177 1153 3259 qui-

146 3281 279 3344 busdam
298 3279 479 3344 hominibus
508 3280 649 3364 ignotam
681 3300 750 3344 esse
773 3281 966 3354 Fortunam,
1002 3281 1058 3342 sed
1086 3301 1154 3344 eam

147 3403 231 3466 quae
253 3382 398 3454 omnibus
422 3383 549 3446 omnino
571 3383 684 3468 ignota
704 3383 762 3457 sit,
787 3394 874 3444 certe
895 3382 971 3446 nihil
986 3382 1152 3466 quuicqnam
1174 3373 1187 3398 ⁸

147 3507 216 3550 esse
239 3485 415 3550 Fortunam
443 3486 648 3562 fatebuntur,
686 3486 713 3552 si
742 3488 914 3560 concedant
947 3505 1015 3548 esse
1043 3485 1154 3551 vatici-

147 3590 239 3653 nandi
252 3601 371 3666 artem,
396 3610 458 3671 qua
478 3609 531 3651 res
553 3588 620 3650 aliis
643 3589 768 3673 ignotas
791 3608 988 3671 cognoscere
1003 3599 1152 3652 statuant.

146 3693 277 3756 sienim
298 3693 332 3756 id
353 3691 544 3775 distinguere
568 3712 605 3752 ae
626 3691 755 3754 definire
778 3691 921 3755 volentes
944 3691 1051 3770 dicant
1069 3696 1154 3758 For-

148 3809 255 3861 tunam
276 3815 346 3860 osse
368 3815 493 3870 eausam
515 3794 657 3878 ignotam
684 3791 885 3857 inscientibus
918 3807 949 3857 et
982 3795 1150 3878 imperitis,

148 3901 208 3966 hac
228 3899 353 3966 ratione
374 3898 471 3982 igitur
493 3901 630 3980 eaquae
651 3918 694 3973 ex
716 3894 850 3960 scientiis
874 3909 904 3960 et
927 3898 1045 3962 artibus
1061 3901 1150 3976 fiunt,
