2754 4510
246 331 311 394 246

250 503 310 570 τοῦ
327 475 583 588 γινωσκομένου,
615 492 636 578 6
658 488 676 562 6
698 497 785 563 ἐστιν
806 489 845 561 τὸ
866 487 1121 581 γινωσκόμενον,
1155 485 1263 577 γινώ-

250 629 360 730 6666,-
382 598 457 672 Ἐτι
478 601 579 668 πᾶσιν
600 595 810 690 ὡμολόγηται
830 603 901 676 τοῖς
922 601 1060 718 σοφοῖς,
1087 593 1146 664 τὸν
1165 593 1265 664 θεὸν

250 702 382 779 άπαντα
403 707 449 802 τῷ
467 710 571 775 ποιεῖν
587 699 764 792 γινώσκειν.
791 697 899 772 ””Ει
860 728 917 771 ουν
935 705 981 796 τῷ
1002 706 1115 770 ποιεῖν
1122 691 1266 770 ἅπαντα

250 809 416 937 γινώσκει,
451 816 507 886 καὶ
530 807 676 932 ὀρέξατ’
662 805 703 877 άυ
731 803 882 892 δήπουι
868 797 937 876 άττ
962 801 1003 874 άυ
1028 810 1119 875 ποιεῖ
1143 830 1179 874 τε
1204 810 1266 874 καὶ

250 913 414 1044 γινώσκει,
449 921 505 984 καλ
530 910 672 983 οὗδέν”
652 939 690 983 ον
714 908 872 1006 ἀόριστον
897 911 954 1006 66,
986 899 1031 979 ὧν
1065 905 1168 988 άυτὸς
1199 910 1268 978 ε’ίτε

251 1019 397 1111 ἆμέσως,
419 1020 480 1089 έίτε
495 1016 551 1088 διά
570 1022 677 1108 μέσων
692 1023 788 1086 ποιοῖ
800 1041 835 1084 τε
855 1021 911 1084 καλ
927 1010 1102 1102 γινώσκοι·
1124 1006 1267 1083 ἅπαντα

251 1122 360 1209 δάν,
382 1120 492 1195 ὁπόσα
508 1121 683 1214 άγιιθοιῖ”
663 1119 787 1246 εχετμι,
808 1125 904 1193 ποιοῖ
913 1145 947 1186 τε
968 1124 1023 1187 καὶ
1036 1113 1213 1205 γινώσκοι,
1234 1119 1266 1187 ἐι

251 1235 360 1323 μέλλει
376 1257 422 1319 μη
408 1223 631 1349 κόλουρος’
611 1229 715 1296 αυτοῦ
728 1217 784 1308 ἥτε
798 1220 939 1317 πρόνοια
954 1217 1264 1344 666660606116'3)

251 1340 308 1403 καλ
326 1328 347 1415 6
364 1333 498 1419 γνῶσις·
519 1357 563 1398 τα
548 1329 612 1397 66
626 1325 730 1411 κακά,
751 1319 809 1396 άτε
823 1330 883 1394 τοῦ
894 1323 989 1404 ὄντος
1004 1321 1086 1392 ὄντα
1104 1319 1264 1393 άποπτώ-

197 1497 203 1504 ,
254 1461 339 1518 σοις,
361 1427 475 1504 οὐδ”
451 1459 493 1503 αν
514 1430 623 1511 ιἰιτίας
644 1421 816 1516 δέοιτο,’
791 1455 853 1509 ωςτ
849 1423 956 1498 ”δ’
934 1454 975 1497 αν
991 1453 1011 1494 ο
999 1423 1116 1508 “θεὸς
1137 1429 1186 1522 66
1204 1430 1264 1511 τῆς

254 1540 301 1618 έις
321 1538 459 1629 ἔσχατον
479 1537 683 1629 προνοίαςτε
703 1540 760 1604 καὶ
779 1534 973 1626 έιμαρμένγς
992 1527 1100 1626 λόγῳ,
1122 1533 1165 1627 τῇ
1186 1527 1263 1600 τοά-

254 1667 319 1711 των
343 1643 483 1732 ένέχοιτο
513 1634 617 1732 άιτίρι.
659 1640 728 1707 Σοὶ
748 1631 892 1733 τοσαῦθ’
916 1631 1058 1725 ἡμεῖς”ές
1073 1631 1119 1702 τά
1136 1631 1262 1728 ἠπορη-

255 1747 338 1835 μένα
359 1738 646 1834 συμβαλλόμείλα,
668 1737 764 1810 ἱκανά
790 1744 826 1810 66
850 1736 944 1833 άνδρλ
968 1735 1087 1833 ὁίιμπερ
1113 1739 1180 1810 σοι’.

408 1880 491 1968 Πρὸς
510 1879 546 1943 τὸ
564 1879 632 1964 περὶ
651 1880 840 1964 ἕιμαρμένης
856 1877 1037 1964 μαρτυρίαι.

318 2029 416 2126 Υπὲρ
438 2037 474 2100 66
494 2035 555 2100 τοῦ
572 2033 630 2114 τῆς
650 2035 845 2120 έιμαρμένης
864 2027 967 2120 λόγου
985 2026 1142 2121 οὐδεμίαν
1159 2026 1260 2114 άλλην

258 2159 313 2204 σοι
344 2135 464 2253 παρέξει
463 2161 526 2260 μαι
557 2134 760 2255 μαρτυρίαν,
793 2129 816 2218 6
846 2131 906 2216 τὴν
943 2130 1048 2203 άυτοῦ
1078 2129 1261 2213 Πλάτωνος

259 2236 379 2318 ἐκείνην
399 2233 459 2318 τὴν
480 2238 514 2304 ἐκ
535 2236 593 2318 τῆς
607 2232 824 2326 Ἐπινομάδος.
865 2233 935 2316 „H
949 2237 1061 2332 ψυχῆς
1077 2233 1158 2306 66³
1136 2233 1260 2326 ανάγκη

259 2341 360 2418 »νοῦν
401 2342 594 2465 κεκτημένης
632 2336 771 2411 ἁπασῶν
817 2337 967 2462 6666666
1004 2337 1090 2408 πολὺ
1128 2341 1261 2430 μεγίστη

259 2437 414 2531 ,γίγνοιτ
434 2439 491 2511 ἂν·
525 2439 683 2564 ἄρχουσα
693 2441 775 2537 γὰρ,
795 2438 865 2512 ἀλλ’
897 2440 957 2512 οὐκ
978 2438 1141 2536 ἀρχομένη
1161 2467 1259 2532 νομο·

260 2551 392 2626 ,θετεῖ
428 2542 520 2615 τὸδὲ
505 2541 812 2666 ὲάμετάστροφον,
843 2536 925 2616 ὅταν
946 2543 1040 2641 ψυχὴ
1065 2542 1105 2614 τὸ
1126 2568 1258 2639 αριστον

259 2646 372 2730 »κατὰ
391 2645 449 2719 τὸν
470 2646 608 2744 ἄριστον
630 2644 849 2737 βουλεύσηται
867 2649 962 2730 νοῦν,
994 2653 1104 2718 τέλεον
1123 2649 1256 2737 έκβαίνω

260 2798 277 2830 ,,
284 2779 330 2846 τω
348 2749 420 2822 ὄντι
439 2749 526 2821 κατὰ
544 2753 637 2822 νοῦν·
665 2777 721 2821 και
708 2747 811 2821 0666
827 2747 999 2875 ρἰδάμας’
974 2776 1018 2822 αν
1035 2749 1140 2822 άυτοῦ
1160 2753 1257 2846 κρείτ-·

158 2942 160 2946 .
261 2875 348 2936 ,των
373 2849 494 2923 0666'
455 2852 809 2980 αμεταστροφώτερος
830 2851 873 2925 άν
896 2879 976 2924 ποτε
995 2857 1135 2943 γένοιτο.
1171 2850 1253 2924 Αλῖ

261 2955 387 3038 ..ὅντως
399 2961 484 3048 τρεῖς
497 2963 615 3050 μοῖραι
624 2962 822 3049 κατέχουσαι
841 2954 1048 3054 φυλάττουσι
1060 2961 1213 3028 τέλεανῖ
1182 2983 1256 3036 εηναι

261 3059 324 3140 ,τὸ
358 3058 509 3156 βελτίστῃ
544 3061 649 3156 βουλῇ
682 3064 938 3154 βεβουλευμένον
965 3057 1115 3142 ἑκάστοις
1138 3057 1251 3132 θεώνῖ

258 3159 363 3234 Ὁάτω
386 3163 510 3232 πολλοῦ
529 3165 640 3231 δέουσι
664 3161 921 3248 τῇςΪΙΙλάτωνος
938 3166 1078 3256 ἔχεσθαι
1100 3165 1250 3248 διανοίας,

264 3272 297 3336 οί
314 3269 539 3356 τεθηλυμένης
557 3267 667 3360 ψυχῆς
687 3265 747 3350 τὴν
766 3269 824 3350 τῆς
845 3269 1039 3362 έιμαρμέυης
1058 3269 1142 3337 ε’ῖναι
1164 3265 1251 3352 δόξαν

265 3366 464 3466 φάσκοντες,
491 3362 536 3449 ὅτ’
560 3371 678 3451 ἐκεῖνος
697 3371 736 3467 τῇ
757 3367 990 3468 φρονιμωτάτη
1015 3373 1107 3467 ψυχῇ
1120 3368 1184 3456 ’τὴν
1200 3398 1250 3462 με-

263 3473 379 3560 γίστην
408 3469 559 3562 άναγκῶν
590 3474 789 3558 ἐπιτίθησιν.
843 3470 930 3544 Ἀλλ’·
961 3478 1038 3555 ἴσως
1061 3473 1191 3559 οἰηθείη
1214 3473 1250 3543 άν

264 3602 332 3658 τις,
351 3574 397 3664 μὴ
409 3582 465 3646 καὶ
482 3579 520 3672 τῇ
532 3573 657 3673 άφρονι
675 3581 767 3676 φυγῇ
789 3573 934 3666 άνάγκην
949 3574 1052 3648 άυτόν
1071 3604 1146 3647 τινα
1162 3581 1249 3647 ε’πιτι-

265 3683 384 3749 θέναι·
407 3676 493 3748 ἄλλά
510 3687 565 3750 καὶ
582 3686 654 3774 περὶ
672 3677 795 3765 ταύτης
811 3678 910 3766 δῆλός
927 3684 996 3750 ἐστι
1013 3677 1157 3752 Πλάτων
1179 3706 1248 3750 παν-

263 3786 368 3872 ταχοῦ
386 3783 475 3870 βωῶν
498 3811 533 3853 τε
557 3792 612 3853 καί
630 3781 885 3872 διατεινόμενος,
912 3781 956 3864 ὡς
973 3781 1078 3868 οὐδεὶς
1103 3783 1180 3854 ἑκών
1198 3809 1248 3854 κα-

265 3885 339 3972 κὸς,
367 3884 435 3958 ἄλλ’
458 3883 591 3968 άκοντες
615 3893 648 3958 οἱ
666 3894 761 3960 κακολ
782 3886 948 3977 γίγνονται
971 3884 1245 3983 ἐξαμαρτάνοντες,
