2698 4510
38 925 44 1114 ι
182 937 497 1014 ΑιΕΧΑΝῡΗι
540 880 975 1016 Apaaooisisnsis
1106 1055 1108 1058 Ι

342 1124 451 1178 LIBER
476 1123 527 1178 AD
553 1122 813 1178 IMPERATORES

79 1285 141 1348 DE
169 1283 296 1350 FATO
325 1285 388 1349 ΕΤ
417 1285 481 1348 DE
511 1284 573 1350 EO
605 1283 734 1366 QUOD
766 1285 965 1352 NOSTRAE
996 1285 1081 1351 EST

425 1397 729 1463 POTESTATIS.
962 1419 965 1430 ·
1028 1409 1029 1418 ’
1075 1403 1079 1410 “

243 1601 246 1610 ,
359 1543 484 1612 Hugonp
503 1540 608 1592 Grotio
627 1545 796 1612 interprete.

489 1726 681 1742 ”uun-

550 1878 596 1940 «L

140 1993 247 2056 Nmin
266 1990 344 2057 mihi
360 1969 459 2076 magis
477 1990 510 2054 io
525 1988 609 2054 votis
630 1986 712 2066 suit,
738 1981 856 2055 S'evete
874 2002 906 2054 et
920 1989 1083 2056 Antonine

88 2093 464 2178 Imperatoresmaximi,
490 2114 583 2177 quam
605 2113 676 2156 cuin
694 2093 726 2156 in
741 2093 854 2156 vestris
871 2113 971 2160 essem
990 2094 1082 2171 loeis,

88 2219 138 2262 vos
161 2196 365 2282 conspicari,
396 2217 456 2262 vos
480 2196 570 2261 affari
592 2207 623 2258 et
641 2195 758 2281 gratias
781 2218 877 2283 agore
897 2220 960 2280 pro
979 2198 1084 2261 multis

89 2303 210 2384 acceptis
233 2299 420 2378 benefieiis,
443 2321 510 2364 non
529 2311 648 2362 tantum
664 2302 751 2384 quod
765 2303 894 2384 adeptus
916 2323 985 2364 sum
1004 2322 1084 2384 quae

40 2376 45 2513 1
90 2405 185 2482 volui,
224 2407 287 2470 sed
314 2405 400 2487 quod
426 2401 556 2486 insuper
580 2415 710 2467 ornatus
735 2403 926 2468 ¹testimonio
956 2403 1084 2488 dignuin

91 2525 131 2568 ne
157 2529 222 2572 esse
245 2506 305 2592 qui
332 2505 524 2592 adipiscerer
546 2525 627 2590 qnae
654 2507 902 2588 postulaveram.
961 2507 1086 2572 Verum

91 2630 150 2673 enm
163 2612 210 2676 fas
232 2609 400 2696 permittat
418 2607 468 2686 ei,
493 2608 599 2692 quiin
620 2609 744 2691 templis
766 2607 842 2690 ipsis
864 2617 982 2674 corani
997 2630 1087 2674 sacra

92 2713 215 2796 (Diis)
241 2715 354 2778 facere
376 2733 442 2778 non
464 2711 588 2794 possit,
611 2711 886 2778 ubivis'tlooonum
904 2733 940 2774 ea
965 2712 1085 2798 faeere?

94 2827 119 2877 et
141 2819 261 2882 aliunde
293 2818 377 2886 dona
398 2815 539 2891 mittere,
565 2837 645 2898 quae
666 2815 751 2878 serre
772 2814 841 2897 ipse
862 2821 1015 2900 nequeat}
1047 2839 1089 2880 ex

39 2961 42 2986 t
93 2925 222 3006 eoquod
236 2923 328 2986 cir'oa
344 2920 434 2984 Deos
456 2919 550 2996 licet,
575 2918 650 2981 mihi
668 2939 795 3001 quoque
816 2920 881 2983 hoo
898 2919 975 2982 iuris
990 2920 1087 2984 sumsi

39 3038 40 3076 1
94 3023 173 3086 vobis
201 3029 322 3090 donum
357 3023 506 3098 mittere,
546 3043 656 3088 eonon
672 3003 675 3014 ἱ
689 3042 769 3104 quae
800 3022 894 3086 nobis
917 3035 1089 3086 naseuntur

38 3113 39 3130 ¹
93 3121 240 3192 inuentum
269 3125 358 3212 quasi
375 3123 549 3208 primitias,
575 3136 605 3186 et
621 3124 745 3208 quidem
761 3127 878 3190 donum
898 3126 977 3201 talo,
1002 3127 1091 3208 quod

94 3229 127 3288 ad
142 3251 197 3294 vos
215 3229 355 3313 proprio
373 3225 444 3310 jure
461 3221 628 3309 pertineat.
673 3227 769 3308 Quod
790 3228 871 3294 enim
888 3229 1007 3292 donum
1022 3251 1088 3293 ina·

94 3329 135 3412 gis
156 3332 198 3396 eis
221 3331 392 3397 conveniat
410 3331 498 3408 dari,
524 3329 578 3413 qui
595 3329 764 3413 sapientiae
790 3330 891 3394 studia
913 3329 1033 3394 sincere
1057 3344 1090 3420 Q

93 3447 186 3500 amant
203 3447 235 3498 et
257 3446 467 3518 mononem,
493 3425 585 3518 qnam
601 3433 716 3500 librum
731 3432 785 3518 qni
807 3434 1089 3518 contemplationes

94 3537 244 3602 contineat
270 3541 310 3602 ad
332 3541 438 3602 eadem
456 3536 558 3600 studia
575 3537 766 3619 pertinentes
785 3536 889 3620 etqui
902 3537 1089 3603 Aristotelis

95 3639 221 3722 explicet
241 3641 427 3706 sententiam
449 3642 487 3704 de
509 3641 591 3704 Fato
613 3652 644 3703 et
659 3643 698 3702 de
715 3662 773 3716 eo,
798 3643 890 3724 quod
906 3662 1002 3724 penes
1028 3663 1090 3706 nos

96 3753 156 3819 est,
178 3757 209 3808 et
231 3745 348 3807 librum
370 3746 410 3806 ab
432 3763 470 3806 eo
492 3743 632 3819 lection,
657 3743 712 3826 qui
729 3765 799 3806 cuin
818 3757 927 3808 vestro
946 3743 1101 3840 testimo·x

95 3843 145 3907 nio
158 3848 285 3928 publice
302 3858 447 3928 receptus
458 3846 498 3909 sit
513 3845 695 3910 Aristotelis
710 3843 900 3929 plaoitonum
918 3845 1089 3927 interpres.

98 3947 152 4010 Est
172 3962 277 4012 autem
301 3952 379 4017 haec
402 3971 475 4032 pars
494 3949 683 4032 placitorum
702 3951 787 4016 nulla
813 3949 871 4014 alia
893 3960 983 4032 parte
1011 3947 1092 4013 inle-
