2754 4510
487 875 811 952 DeFato.

176 1089 244 1170 (Ex
263 1085 395 1154 Alcinoi
415 1083 656 1152 Introductione
675 1086 710 1154 in
729 1087 911 1154 Platonem.
954 1084 1040 1175 cap.
1062 1087 1132 1168 26.)

432 1286 556 1356 liugom
574 1284 682 1341 Grotio
703 1292 871 1358 interprete.
935 1343 938 1350 ,

218 1691 270 1759 De
289 1691 373 1755 Fato
389 1691 468 1755 haee
485 1699 558 1754 aunt
574 1687 718 1755 Platonis
735 1687 868 1771 placita:
893 1687 1007 1752 Omnia
1023 1687 1055 1754 in
1073 1689 1157 1756 Fato
1260 1725 1263 1738 ·

156 1817 227 1862 eoae
256 1793 349 1872 dicit,
383 1805 579 1858 nontamen
602 1792 707 1856 omnia
731 1792 813 1856 Fato
849 1793 988 1855 decreta.
1042 1793 1158 1856 Fatum

160 1899 244 1964 enim
268 1896 349 1982 legis
374 1895 437 1960 vim
462 1895 578 1972 habet,
623 1917 689 1959 non
715 1906 751 1957 ut
776 1894 858 1958 dieat
883 1895 1020 1977 exempli
1040 1917 1157 1960 causat

157 2002 212 2068 ille
234 2001 294 2066 ista
313 1999 428 2076 faciet,
452 1999 512 2062 ista
532 1998 669 2082 patietur
690 1999 735 2078 (id
757 1999 838 2063 enim
858 1998 890 2061 in
910 1998 1064 2062 infinitum
1081 1998 1155 2077 iret,

158 2127 231 2170 eum
254 2103 394 2169 infinitae
418 2101 479 2165 sint
506 2123 557 2164 res
583 2123 663 2188 quae
688 2102 768 2164 fiunt
789 2114 820 2165 et
843 2101 963 2165 infinita
981 2101 1057 2186 ipsis
1076 2101 1159 2165 aeci-

157 2211 249 2273 dnnt.
292 2208 464 2271 Praeterea
495 2204 560 2269 hoc
591 2207 687 2269 modo
722 2206 889 2271 tolleretur
905 2206 972 2288 lid,
1013 2208 1100 2292 quod
1126 2205 1161 2270 in

155 2323 268 2376 nostra
294 2320 451 2392 potestate
475 2320 541 2385 est,
582 2320 614 2372 et
644 2309 752 2373 landes
784 2321 815 2372 et
847 2309 1093 2393 vituperationes
1126 2319 1159 2371 et

159 2413 311 2500 quiequid
333 2413 381 2476 hie
403 2424 450 2476 est
470 2412 574 2491 affine)
591 2414 646 2475 sed
665 2412 730 2478 hoe
750 2415 865 2477 modo:
896 2413 1016 2498 siquis
1038 2413 1158 2476 animno

155 2518 252 2583 talem
272 2516 369 2580 vitam
390 2516 486 2601 eligat
504 2527 534 2578 et
551 2515 626 2578 talia
644 2515 757 2594 saciat,
780 2516 855 2579 talia
871 2537 942 2580 eum
960 2536 1158 2599 consequen·

156 2633 223 2685 tur.
265 2621 326 2684 Eat
348 2641 428 2704 ergo
450 2619 569 2683 animus
593 2640 658 2684 non
679 2621 738 2682 sub
761 2619 908 2696 domino,
940 2630 971 2681 et
988 2639 1085 2700 penes
1106 2618 1158 2702 ip-

157 2747 229 2790 sum
259 2735 308 2787 est
335 2745 432 2808 agere
460 2722 513 2785 vel
537 2743 602 2787 non
631 2744 744 2809 agere:
785 2743 887 2806 neque
911 2721 1006 2785 ullam
1036 2721 1069 2785 in
1097 2721 1159 2786 illie

158 2827 278 2914 patitur
312 2825 541 2891 necessitatem.
598 2827 645 2890 At
674 2829 762 2910 qnod
788 2824 836 2890 his
867 2837 914 2888 est
940 2846 1156 2910 consequens,

157 2931 191 2996 id
218 2954 260 2996 ex
290 2930 362 2994 Fati
393 2929 590 2996 ordinatione
620 2929 813 3014 implebitur·
872 2930 1020 3013 Exempli
1056 2929 1158 3015 gratia
1201 2985 1204 2992 .

159 3057 232 3100 eum
252 3035 331 3100 illud
347 3033 439 3097 Paris
461 3035 563 3117 rapiet
583 3036 755 3112 Helenam,
794 3045 875 3098 esset
897 3034 928 3098 in
950 3034 1073 3098 Paridis
1097 3054 1159 3115 po·

158 3150 291 3216 testate,
326 3157 365 3202 eo
389 3137 463 3200 clato
487 3150 637 3222 sequetur
658 3139 755 3202 illud:
793 3139 916 3203 Bellum
941 3137 972 3202 in
997 3137 1157 3201 Troianos

161 3241 280 3308 Graeci
301 3251 413 3326 gerent
433 3253 568 3324 propter
588 3242 755 3308 Helenam.
799 3243 882 3307 Nam
908 3239 954 3304 sio
971 3233 1011 3304 'et
1035 3239 1159 3324 Apollo

161 3343 247 3408 Laio
269 3343 486 3428 praedixerat:

294 3467 334 3520 Te
352 3483 470 3539 namque
485 3473 627 3540 perimet,
645 3475 672 3522 aa·
691 3488 747 3540 quo
765 3473 823 3524 erit
840 3472 939 3540 proles
957 3468 1023 3523 titt.

227 3577 318 3642 Intra
334 3577 413 3663 legia
432 3589 535 3643 autem
556 3579 705 3643 ambitum
723 3579 1001 3663 comprehenditur
1019 3589 1050 3642 et
1064 3578 1163 3644 Laius

163 3693 195 3746 et
216 3679 299 3745 satio
324 3681 447 3764 prolis:
472 3683 554 3747 Fato
581 3695 683 3746 antem
704 3685 864 3746 derremm
886 3693 1004 3748 tantum
1022 3693 1069 3745 est
1086 3681 1164 3746 illud

164 3803 375 3870 consequens.
433 3786 555 3850 Natura
583 3785 650 3851 eino
688 3787 778 3869 quod
814 3785 884 3850 lieri
919 3797 1043 3869 potest,
1084 3783 1165 3849 iaeet

163 3889 400 3974 quodammodo
425 3886 638 3956 internorum
662 3901 694 3956 et
713 3890 844 3964 falsum:
875 3889 945 3960 lieri
969 3900 1071 3956 autem
1093 3909 1165 3958 oum
