2754 4510
1064 327 1124 388 tlt

107 493 237 560 risuum
250 487 378 558 Venus.
422 491 467 556 At
487 513 570 558 vero
591 493 624 586 ln
646 495 770 562 Arabia
792 507 825 560 et
846 497 877 561 in
893 496 1040 562 Osroene
1061 518 1127 560 non

108 595 476 662 solnm-interficiuntur
498 597 680 675 adulterae,
715 601 772 664 sed
792 621 851 663 nec
872 601 999 683 impune
1019 601 1127 666 lerunt

107 721 194 786 qnae
224 699 440 782 suspicionem
472 701 511 762 de
532 721 566 763 se
589 705 754 766 dedet-emt.
813 704 912 786 Apud
933 705 1072 768 Parthos
1095 715 1127 766 et

109 803 289 868 Armenios
311 803 500 868 occiduntur
516 805 712 881 homicidae,
735 806 891 868 interdum
914 828 973 889 per
993 807 1124 882 iudices,

109 907 274 972 interdum
301 927 362 988 per
391 928 503 972 eorum
530 906 731 991 propinquos
761 910 816 992 qui
844 909 1001 974 interfecti
1021 910 1125 974 suero.

110 1011 160 1076 Ar
181 1009 209 1074 si
232 1009 303 1094 quis
325 1009 520 1074 interfecerit
540 1031 675 1074 uxorem
697 1034 809 1088 suam,
843 1025 896 1076 aut
917 1013 1049 1076 fratrem
1071 1013 1127 1097 qui

109 1113 234 1179 liberos
260 1135 327 1177 non
351 1114 466 1176 habeat
478 1157 488 1189 ,
527 1125 580 1176 aut
602 1135 749 1178 sororem
768 1115 953 1199 innuptam,
989 1129 1043 1180 ant
1063 1116 1126 1180 lili·

111 1237 187 1292 tuu,
224 1228 279 1280 aut
298 1215 417 1292 liliam,
456 1215 668 1280 isaneminc
697 1231 880 1298 accusatur,
919 1222 1006 1303 quod
1027 1219 1069 1284 ita
1091 1243 1126 1284 se

109 1319 230 1384 haheat
249 1320 303 1382 lex
321 1319 455 1382 istarum
475 1321 664 1404 regionum3
686 1333 800 1385 contra
814 1345 893 1388 vero
916 1324 1000 1405 apud
1022 1324 1128 1388 Grae·

112 1445 175 1486 cos
209 1435 242 1486 et
269 1423 435 1486 Romanos
469 1423 613 1507 graviori
646 1445 770 1506 poenae
802 1425 1028 1503 subiiciuntur,
1071 1426 1127 1510 qui

111 1526 316 1610 propinquos
352 1538 407 1590 aut
433 1526 630 1591 necessarios
664 1549 740 1592 suos
777 1517 963 1594 occiderint.¹
1027 1531 1127 1612 Apud
1246 1575 1250 1588 .

115 1630 221 1694 Atros
244 1629 300 1714 qui
320 1629 445 1694 furatus
465 1629 563 1693 suerit
585 1642 734 1714 quantum
760 1633 876 1696 obolus
905 1633 1008 1709 valet,
1045 1633 1125 1715 lapi·

111 1735 221 1796 dabir.
278 1732 379 1813 Apud
407 1732 595 1796 Bactrianos
626 1733 680 1816 qui
708 1734 865 1797 modicum
899 1735 976 1818 quid
1001 1736 1125 1800 furatam

110 1835 234 1912 luerit,
266 1834 477 1915 conspuitur:
500 1837 585 1917 apud
605 1836 771 1900 Romanos
794 1838 936 1919 vapulat.
979 1839 1034 1902 Ab
1056 1840 1126 1902 Eu·

109 1939 229 2022 phrate
256 1936 357 2000 fluvio
388 1958 489 2021 usque
517 1940 559 2000 ad
587 1937 751 2004 Oceanum
781 1939 966 2004 orientalem
989 1941 1045 2024 qui
1066 1962 1126 2024 per

109 2039 296 2106 convicium
318 2041 499 2122 appellatur
518 2041 678 2105 homicida
699 2053 754 2104 aut
773 2042 846 2119 fur,
870 2063 935 2107 non
957 2046 1125 2132 admodum

108 2155 303 2220 succenset,
348 2156 380 2206 at
414 2142 468 2226 qui
500 2143 691 2226 pullipremo
724 2145 839 2209 dicitur
869 2145 897 2210 is
924 2166 959 2210 se
988 2147 1128 2212 vindicat

110 2248 210 2312 etiam
232 2249 343 2310 caede.
395 2248 496 2328 Apud
517 2248 662 2312 Graecos
685 2247 779 2312 etiam
800 2249 993 2332 sapientibus
1016 2253 1127 2334 culpae

111 2371 179 2414 non
201 2351 318 2427 datin,
342 2349 370 2414 si
390 2349 528 2412 habeant
549 2351 580 2414 in
603 2352 764 2416 amoribus
787 2373 927 2434 pucros;
950 2366 983 2418 at
1003 2353 1036 2416 in
1060 2355 1126 2420 ori-

112 2465 188 2518 ente
210 2453 396 2537 quihus.sic
417 2453 542 2517 illusum
565 2466 632 2530 est,
663 2455 690 2518 si
711 2475 763 2516 res
787 2467 945 2537 patescat,
977 2479 997 2520 a
1016 2458 1124 2522 iratri-

110 2558 191 2633 bus,
217 2568 271 2620 aut
293 2557 439 2638 patribus
462 2569 516 2620 aut
536 2557 725 2641 propinquis
749 2571 921 2634 necantur,
956 2581 993 2624 ac
1015 2582 1054 2624 ne
1075 2582 1126 2624 se·

111 2661 244 2742 pultnra
264 2659 415 2744 quidem,
453 2659 514 2724 nisi
536 2662 728 2724 clandestina
751 2660 838 2746 digni
858 2663 1030 2727 habentur.
1080 2665 1127 2728 At

106 2765 200 2847 apud
232 2763 346 2828 Gallos
376 2762 471 2828 etiam
498 2765 622 2827 nubunt
653 2763 901 2842 adolescentuli,
940 2778 972 2830 et
1000 2767 1127 2852 quidem

111 2865 239 2950 palam,
278 2888 343 2930 non
370 2879 463 2950 turpe
492 2869 642 2930 ducentes
665 2869 709 2932 ob
730 2867 835 2952 legem
856 2871 944 2951 apud
964 2869 1052 2954 ipsos
1074 2893 1127 2936 re-

110 2975 251 3054 ceptam.
296 2971 410 3054 Neque
431 2991 511 3035 vero
534 2969 605 3034 fieri
625 2982 754 3053 potest,
791 2983 828 3036 ut
856 2993 984 3050 omnes,
1019 2973 1074 3058 qui
1094 2975 1127 3038 in

113 3073 223 3140 Gallia
250 3071 298 3138 sic
324 3073 461 3156 turpiter
489 3083 684 3151 tractantur,
723 3074 755 3137 in
785 3075 930 3160 genitura
960 3077 1128 3142 habuerint

111 3177 304 3242 Luciferum
324 3188 357 3240 et
379 3177 580 3242 Mercurium
608 3177 640 3242 in
662 3177 829 3242 domiciliis
853 3179 981 3243 Saturni
1003 3191 1035 3242 et
1055 3178 1127 3242 fini-

111 3282 176 3344 bus
206 3279 325 3344 Martis
352 3281 521 3345 obeuntes.
565 3281 605 3346 In
634 3280 798 3346 Britannia
826 3282 916 3347 multi
944 3281 1007 3346 riri
1032 3275 1126 3346 uisam
1173 3321 1176 3328 ·

112 3402 255 3448 uxorem
267 3383 399 3460 habent,
423 3384 456 3448 in
471 3384 603 3450 Parthia
618 3385 735 3448 multae
748 3405 867 3450 uxores
890 3405 986 3448 unum
1009 3384 1123 3462 virum,

113 3498 147 3550 et
168 3505 284 3550 omnes
304 3485 416 3568 pudice
438 3507 473 3550 se
496 3500 631 3572 gerunt,
656 3501 687 3550 et
709 3485 781 3552 viro
804 3488 956 3552 obediunt
977 3509 1018 3552 ex
1037 3489 1122 3574 legs,

112 3609 196 3673 quae
218 3600 269 3652 est
290 3587 350 3654 illis
371 3590 403 3654 in
425 3588 523 3664 locis;
565 3591 747 3656 Amanum
770 3611 849 3656 vero
872 3590 961 3656 viros
982 3612 1048 3656 non
1068 3593 1125 3656 ba-

112 3693 213 3770 bent,
238 3694 296 3756 sed
316 3705 351 3756 ut
373 3703 460 3756 muta
480 3691 648 3759 animamm
669 3693 767 3758 semel
789 3713 872 3758 anno
891 3693 978 3758 circa
994 3717 1125 3760 vernum

113 3793 352 3879 aequinoctium
384 3815 533 3880 egressae
563 3797 718 3882 proprios
751 3795 830 3860 fines
863 3817 935 3862 cum
966 3797 1124 3875 trinnis,
1251 3803 1260 3830 ’

110 3897 169 3983 qui
191 3917 266 3962 mam
287 3897 369 3964 dem
391 3897 506 3964 lectum
525 3899 663 3978 habent,
714 3900 874 3964 Venerem
900 3899 1051 3986 iungunt:
1088 3921 1129 3966 ex
