2694 4508
228 277 269 340 26

227 436 423 529 ἀυτυμάτίος
443 437 631 526 γεγονέναι,
664 428 785 502 τούτου
807 436 912 515 ζητεῖν
934 430 992 515 τὴν
1013 429 1133 501 ἀντίαν.
1180 428 1241 500 Διὸ
1338 523 1339 526 ¹

225 541 337 614 οὐκέτι
350 546 383 610 σῖ
397 538 506 632 ἰατροὶ
518 545 591 631 περὶ
605 532 729 606 τούτων
742 531 827 604 ὁύτιο
840 539 982 623 λεγουσι,
1003 534 1065 626 κᾷν
1075 529 1241 623 τυγχάνα-
1337 569 1338 572 “

229 672 284 716 σιν
304 643 414 714 ἀυτῶν
436 643 486 712 ἔτι
504 639 564 721 τάς
586 637 697 719 ἀιτίας
717 635 921 727 ἀγνοοῦντες.
964 635 1024 708 'Ov
1041 637 1105 731 γάρ
1123 634 1173 732 ἐφ’
1196 627 1242 706 ὧν

230 743 471 840 προειρήκαμεν
489 741 532 826 ὡς
546 747 596 813 έπῖ
611 739 740 813 πάντων
753 739 818 811 ἀπὸ
831 738 929 832 τύχης
942 743 1100 828 γίνεσθαι
1107 743 1243 830 λεγομέ-

228 875 302 933 νυν,
317 847 381 919 ἀλλ
403 876 450 918 απ
474 853 583 936 αλλυν
597 847 693 916 τινῶν
707 841 903 939 κυριώτερος
917 841 965 928 3⁶)
982 843 1000 914 ὁ
1017 847 1167 924 τοιοῦτος
1182 838 1242 910 λό-

227 979 288 1040 γος
306 954 365 1036 τῆς
386 947 485 1041 τύχης
505 949 547 1020 ἀν
572 955 790 1041 κατηγοροῖτο
811 949 877 1032 ²⁷),
904 955 977 1043 περὶ
1001 940 1045 1018 ὧν
1067 945 1172 1027 οὐδεὶς
1196 941 1243 1024 ὡς

226 1053 295 1126 ἀπὸ
309 1052 407 1146 τύχης
416 1058 592 1144 γινομένων
603 1056 671 1122 ε’ῖπέ
680 1078 771 1122 ποτε.
798 1055 865 1134 Τῆς
878 1061 938 1142 μὲν
950 1050 1074 1146 γάρῖθ)
1085 1056 1241 1146 ἑυρέσεως

227 1161 289 1228 τοῦ
299 1158 498 1249 θησαυροῦ,
510 1164 566 1226 καὶ
580 1159 640 1224 τού
654 1153 693 1222 τὸ
708 1150 923 1247 ὀφειλόμενον
935 1157 1064 1244 λαβεῖν,
1079 1155 1140 1226 οὐκ
1157 1155 1243 1243 ἀδη-

201 1275 207 1280 ’
228 1267 271 1330 λα
288 1259 491 1352 ἀνθρωπίνῳ
508 1260 657 1349 λογισμῷ
671 1254 714 1324 τά
727 1254 829 1339 ἀίτια,
851 1254 938 1326 ἀλλά
952 1259 1082 1353 φανερὰ
1092 1267 1148 1330 καί
1158 1259 1244 1354 πρό-

227 1367 322 1446 δηλα.
349 1362 416 1443 Τῆς
428 1367 489 1447 μὲν
504 1359 568 1450 γὰρ
583 1362 737 1451 ἑυρὲσεως
755 1357 793 1426 τὸ
814 1355 949 1452 ὀρύξαι,
971 1365 1074 1431 τοῦδε
1089 1360 1127 1431 τὸ
1145 1362 1242 1457 ὀφει-

154 1540 156 1544 ,
226 1463 364 1554 λόμενσυ
378 1460 426 1545 ²9)
446 1466 560 1551 λαβεῖν
581 1457 620 1529 τὸ
642 1461 688 1539 ἐις
704 1458 764 1543 τὴν
781 1458 909 1555 ἀγοράυ
931 1469 1126 1554 προελθεῖν·
1161 1464 1243 1536 ὀύτε

226 1565 293 1660 γὰρ
308 1564 350 1636 ἀν
368 1570 487 1645 ἐκεῖνος
503 1563 549 1655 μὴ
564 1558 715 1657 ὀρύσσων
731 1565 837 1657 ἑύρεν,
868 1561 942 1634 ὀύτε
956 1562 1053 1644 ὁῦτος
1063 1565 1109 1656 μὴ
1120 1575 1245 1657 προελ.

226 1667 304 1740 θὼν
322 1666 361 1738 τὸ
387 1663 601 1757 ὀφειλόμενον
620 1667 746 1756 ἐλαβεν.
793 1663 880 1736 Ἀλλ’
898 1666 952 1736 ὅτι
970 1665 1016 1758 μὴ
1034 1667 1244 1762 προηγούμε-

225 1799 270 1846 να
284 1777 329 1856 ⁵⁰)
344 1768 469 1842 τούτων
481 1768 576 1840 ἀίτια
586 1774 814 1865 προειρημένα,
826 1767 914 1839 ἀλλά
926 1769 1029 1841 ἀλλον
1040 1771 1128 1852 τινὸς
1139 1769 1243 1866 χάριν

226 1878 363 1965 ἐγίνετο,
403 1873 461 1944 διά
486 1878 586 1946 τοῦτο
613 1871 680 1944 ἀπὸ
708 1871 807 1963 τύχης
834 1875 992 1962 γίνεσθαι
1012 1878 1242 1968 προείληπται.

217 1977 350 2062 Ἅὸηλα
372 1982 408 2047 δὲ
428 1976 472 2046 τά
491 1976 584 2046 ἀῖτια
608 1975 809 2068 ἀνθρωπίνῳ
834 1979 982 2070 λογισμηῖ
1003 1979 1128 2056 ἐκείνων
1152 1982 1241 2068 μάλ-

226 2087 291 2152 λαν
306 2084 358 2163 ³¹),
370 2077 394 2148 ἀ
407 2075 494 2148 κατά
503 2104 596 2158 τινας
607 2075 830 2156 ἀντιπαθείας
843 2081 1000 2167 γίνεσθαι
1014 2082 1237 2166 πεπίστευται,
1338 2111 1339 2132 ³

223 2180 447 2272 4ἀγνοουμένης
460 2178 636 2264 τῇςάιτίας
649 2177 689 2249 δι’
706 2175 893 2267 ἣνγίνεται.
922 2177 997 2251 ‘oca
1009 2180 1174 2275 περίαπτα
1189 2186 1235 2268 ³²)

226 2291 263 2354 τέ
291 2310 366 2354 τινα
396 2286 629 2377 προείληπται,
666 2280 822 2372 οὐδεμίαν
846 2281 981 2373 ε’ύλογον
1003 2293 1060 2354 καὶ
1083 2288 1237 2373 πιθανὴν

225 2385 420 2458 ἀιτίαντοῦ
440 2389 548 2456 ταῦτα
571 2392 676 2456 ποιεῖν
701 2387 838 2476 ἔχοντα,
881 2388 981 2457 ἔτιδὲ
1004 2392 1047 2472 ⁵³)
1069 2393 1236 2461 ἐπαιοιὸαὶ

224 2493 281 2562 καί
300 2516 384 2571 τινες
401 2494 556 2560 τοιαῦται
577 2488 791 2581 μαγίανεῑαι·
813 2486 938 2560 τούτων
950 2490 1013 2586 γὰρ
1026 2489 1236 2582 ὁμολογεῖται

221 2603 285 2686 μὲν
299 2591 364 2664 ὑπὸ
381 2590 512 2666 πάντων
529 2593 652 2677 ἀίδηλος
670 2597 754 2662 έῖναι
771 2589 790 2676 ἡ
809 2590 916 2678 ἀιτία,
943 2593 996 2663 διὸ
1015 2603 1070 2664 καὶ
1087 2594 1236 2666 ἀναίτιο-

227 2695 353 2786 λόγητα
364 2703 514 2792 λέγουσιν
525 2692 627 2766 ἀυτά·
650 2693 755 2776 οὐδεὶς
768 2700 803 2764 δέ
817 2693 883 2765 ἀπὸ
898 2692 996 2787 τύχης
1009 2694 1135 2768 τούτων
1146 2726 1179 2769 τι
1191 2692 1236 2783 ³⁴)

226 2807 331 2872 ποιεῖν
349 2804 451 2888 λέγει,
488 2793 541 2868 ὅτι
561 2799 771 2869 πεπίστευται
791 2796 878 2869 κατά
895 2825 968 2870 τινα
987 2797 1166 2892 ὡρισμένην
1183 2800 1238 2870 ἀι-

225 2905 320 2985 τίαν,
347 2899 475 2972 ἀποιεῖ
484 2907 589 2972 ποιεῖν
604 2893 666 2985 ³⁵),
688 2898 731 2982 ὡς
752 2903 815 2972 τῶν
833 2900 901 2972 ἀπὸ
919 2900 1033 2994 τύχης,
1061 2900 1100 2972 οὐ
1118 2903 1175 2974 διὰ
1190 2901 1237 2988 ³⁶)

225 3004 265 3074 τὸ
286 3007 342 3090 τῆς
363 3002 473 3086 ἀιτίας
495 3002 619 3087 ἀίδηλον
641 3001 726 3073 ὁύτω
746 3005 907 3094 γίνεσθαι
931 3011 1127 3095 λεγομένων,
1148 3005 1238 3078 ἀλλά
1335 3015 1336 3024 ’

225 3107 283 3178 διὰ
299 3107 338 3179 τὸ
356 3104 505 3178 ἀναίτιον
524 3109 583 3188 τῆς
599 3112 845 3200 προηγουμένης
866 3115 971 3178 τεκαὶ
988 3108 1238 3203 κυρίωςάιτίας.

289 3319 360 3384 Καὶ
377 3315 520 3386 τοιαῦτα
536 3320 596 3403 μέν
607 3309 652 3382 τά
664 3314 715 3382 ἐπὶ
727 3313 786 3395 τῆς
800 3306 897 3402 τύχης
909 3314 936 3396 ¹)
955 3310 1006 3384 ὑπ’
1021 3313 1128 3387 ἀυτῶν
1142 3314 1237 3408 λεγό-

218 3445 324 3509 μενα,
357 3425 412 3488 καί
428 3413 514 3488 ὁύτω
535 3422 606 3496 τοῖς
626 3419 785 3506 κειμένοις
804 3413 999 3509 συνᾴδοντα,
1022 3413 1099 3491 Ὅτι
1120 3426 1156 3491 δὲ
1177 3426 1235 3490 καὶ

223 3519 263 3591 τὸ
282 3517 489 3610 ἐνδεχόμενόν
512 3545 546 3589 τε
565 3525 622 3589 καὶ
644 3515 683 3587 τὸ
710 3514 837 3612 ὁπότερ’
863 3521 953 3611 ἔτυχε
976 3524 1133 3610 γίνεσθαί
1157 3552 1234 3595 τινα

223 3622 288 3696 ὑπὸ
303 3627 368 3693 τῶν
378 3619 488 3692 πάντα
499 3625 532 3706 ἐξ
543 3618 688 3712 ἀνάγκης
697 3623 856 3710 γίνεσθαι
866 3620 1024 3712 λεγόντων
1038 3623 1235 3721 ἀναιρεῖται,

224 3723 376 3798 ἀυτὸθεν
393 3720 576 3818 πρόδηλον,
599 3728 661 3814 ε’ίγε
684 3727 790 3798 ταῦτα
809 3733 870 3815 μέν
891 3728 1008 3818 κυρίως
1024 3732 1236 3820 ἐνδεχομένως

223 3834 382 3920 γίνεσθαι
397 3831 542 3915 λέγεται,
564 3825 614 3922 ἐφ’
630 3819 674 3900 ὧν
687 3835 743 3900 καὶ
759 3828 796 3898 τὸ
812 3831 1005 3919 ἐνδέχεσθαι
1015 3831 1060 3920 μὴ
1075 3838 1236 3921 γίνεσθαι
