2748 4514
1056 321 1114 382 113

105 489 300 570 loquantur,
335 482 413 558 nihil
437 483 497 564 ipsi
522 484 707 558 conferant,
739 483 991 567 quandoquidem
1012 505 1114 566 neque

107 610 212 652 rerum
234 585 521 660 circumstantium,
546 605 647 667 neque
666 586 731 649 cius
755 587 847 650 animi
862 599 959 664 status
974 587 1005 649 in
1022 608 1115 669 quem

107 693 201 754 rebus
217 689 264 752 sic
283 688 702 770 circumstantibusscmper
725 700 1005 765 transmoventnr,
1041 710 1116 751 cau·

107 815 172 856 sam
202 791 236 855 in
269 783 304 854 se
331 792 460 854 habent.
516 790 613 871 Quod
644 790 671 852 si
693 802 889 872 potestatem
905 793 1056 854 habemns
1086 803 1117 853 et

108 896 219 958 melius
241 905 273 958 et
299 893 388 974 peius
418 892 534 978 aliquid
554 893 694 974 (licendi,
726 894 795 976 quis
822 915 886 956 non
908 895 1039 958 miretur
1063 916 1117 970 su-

108 1019 300 1080 pervacuam
323 996 479 1078 quantilli
499 996 634 1072 faciunt,
666 1018 848 1060 sermonum
866 1008 1055 1064 structuram
1077 1018 1127 1076 ex,

109 1100 263 1164 confessis
287 1111 319 1162 et
345 1098 539 1186 evidentibus
561 1099 625 1161 hoc
646 1098 866 1182 colligentem,
905 1099 1023 1162 uallium
1048 1119 1119 1162 esse
1213 1123 1215 1131 ¹

109 1224 200 1284 usum
225 1203 342 1286 longae
369 1204 408 1264 ad
428 1212 612 1286 argumenta
633 1203 786 1264 nectenda
811 1213 953 1282 sumptae
977 1200 1119 1282 operae?

110 1307 196 1388 Nam
218 1327 289 1366 cum
309 1316 430 1388 ponant
447 1306 560 1368 Fatum
576 1302 621 1365 uti
642 1303 789 1367 omnibus
811 1303 848 1366 iis
871 1324 951 1386 quae
976 1325 1017 1366 ex
1036 1305 1120 1368 Fato

109 1407 196 1470 sacta
229 1419 300 1470 sunt
325 1419 379 1493 ant
409 1408 488 1486 fiunt
519 1409 560 1470 ad
589 1405 800 1470 inevitabilem
838 1427 932 1490 quem
968 1419 1121 1489 operatur

112 1511 279 1586 effectum,
302 1510 347 1575 ita
364 1522 398 1572 ut
420 1513 570 1593 quodque
592 1521 698 1572 natum
721 1521 768 1572 est
790 1521 822 1574 et
842 1522 877 1572 ut
897 1531 957 1591 per
978 1523 1121 1573 naturam

110 1633 145 1676 se
167 1613 282 1686 habet3
305 1613 408 1696 lapide
429 1625 464 1675 ut
484 1601 604 1694 lapide,
628 1612 792 1693 plantant
817 1611 945 1692 planta,
968 1613 1122 1678 animante

111 1727 146 1780 ut
172 1716 350 1792 animante,
382 1719 469 1798 quod
494 1717 521 1778 si
541 1727 583 1779 ut
597 1716 769 1804 animante,
795 1724 934 1777 certent
955 1728 1030 1780 nato
1053 1738 1124 1787 moa

112 1819 234 1882 tionem
254 1819 373 1882 habere
399 1841 439 1881 ex
461 1818 624 1900 appetitu:
662 1818 734 1900 quia
764 1816 883 1880 scilicet
911 1830 1033 1899 ponunt
1059 1819 1124 1882 Fa·

111 1933 180 1983 tum
207 1920 255 1982 uti
279 1921 429 1984 animante
450 1933 485 1984 ut
508 1919 677 1997 animante,
712 1920 746 1982 id
768 1932 868 1982 autem
884 1933 956 1996 est,
991 1932 1027 1984 ut
1045 1932 1124 2003 apto

113 2009 245 2087 moveri
268 2044 309 2086 ex
335 2024 493 2106 appetitu:
525 2045 562 2086 ac
582 2024 652 2088 fieri
674 2043 754 2107 quae
784 2023 906 2086 aFato
928 2023 1028 2099 fiunt,
1067 2045 1126 2106 per

113 2125 284 2190 animantia
304 2129 473 2210 secundina
497 2127 694 2190 animantium
716 2125 890 2192 motionem
912 2146 953 2188 ex
970 2127 1123 2210 appetitu,

114 2240 147 2292 et
169 2251 208 2292 oa
228 2228 297 2310 ipsa
318 2229 497 2292 necessario
525 2229 613 2312 sequi
640 2250 691 2292 res
710 2228 959 2312 ,cucumstantes
988 2243 1024 2294 ut
1052 2253 1129 2308 cans

116 2353 193 2410 sas,
218 2353 350 2416 quarum
374 2353 536 2396 causarum
559 2334 684 2392 drictum
707 2352 836 2394 servare
858 2330 1025 2396 animantia
1048 2353 1135 2423 ope·⁸

117 2435 221 2498 raudo
245 2436 415 2496 secundum
437 2434 593 2516 appetitus
622 2432 806 2496 motionem.
852 2434 895 2495 Et
924 2434 1130 2517 quia'omuia

121 2538 206 2604 Fato
236 2537 338 2612 fiunt,
366 2529 470 2600 'etiam
501 2537 534 2600 in
566 2548 675 2600 nostra
707 2556 775 2598 esse
804 2546 960 2616 potestate
983 2537 1015 2600 id
1036 2557 1128 2619 prae·

119 2639 275 2722 scriptum
304 2660 446 2703 servare.
505 2641 594 2704 Haec
623 2659 693 2702 cum
722 2637 768 2701 sic
790 2638 896 2700 dicunt
917 2650 949 2710 et
970 2638 1029 2702 alia
1051 2661 1131 2722 quae

122 2741 354 2827 interrogando
383 2754 585 2825 proponunt,
624 2742 770 2806 videntur
790 2740 866 2803 mihi
886 2739 919 2803 id
938 2740 1045 2805 facere
1066 2762 1133 2822 non

125 2856 193 2908 tam
215 2847 303 2928 quod
331 2866 409 2908 vero
440 2844 614 2920 confidant,
653 2865 747 2928 quam
774 2855 809 2905 ut
838 2842 891 2906 diu
918 2845 1073 2908 trahendo
1100 2847 1134 2910 in

124 2948 257 3035 longum
289 2959 320 3009 et
346 2946 583 3029 multiplicando
612 2967 734 3022 voces,
774 2957 805 3010 et
832 2944 865 3008 in
887 2948 1058 3012 obscurum
1080 2970 1132 3013 eas
1187 2937 1189 2946 ’

125 3049 317 3132 implicando
347 3049 509 3131 imponant
538 3049 746 3113 auditoribus.
804 3050 928 3128 Verum
959 3073 1019 3130 nos
1051 3073 1135 3116 nunc

128 3153 204 3236 quid
225 3153 329 3216 dicant
351 3153 533 3228 videamus,
571 3165 603 3214 et
629 3149 867 3234 praetereuntes
897 3154 1014 3229 multa,
1054 3175 1134 3236 quae

127 3253 175 3318 illi
195 3268 366 3336 usurpant,
397 3255 540 3331 nomina,
575 3267 609 3318 ut
632 3255 817 3318 destinamm
841 3268 872 3318 et
893 3267 1012 3318 sortem
1035 3269 1066 3320 et
1088 3259 1145 3328 di-,.

129 3350 367 3433 stributionem,
406 3378 485 3441 quae
512 3358 557 3420 illi
584 3359 698 3441 quibus
721 3360 833 3422 volunt
854 3357 1136 3440 significationibus

130 3472 283 3538 utuntur,
322 3460 521 3544 exquiramus
550 3475 684 3528 caetera.
736 3461 863 3544 Operae
892 3460 1027 3540 pretium
1055 3462 1138 3528 enirn

134 3577 180 3628 est
202 3586 401 3650 cognoscere
422 3564 638 3639 necessitatem
655 3565 741 3644 ‚illius
765 3562 1028 3646 consequentiam
1051 3565 1141 3653 Fieri

135 3668 243 3752 nequit
265 3680 300 3732 ut
322 3667 384 3732 tale
406 3666 446 3730 sit
461 3668 573 3732 Fatum
596 3681 626 3732 et
648 3690 713 3734 non
736 3666 775 3730 sit
797 3665 862 3728 lex.
907 3667 988 3745 Nam
1011 3667 1140 3751 siquae

135 3773 216 3838 Fato
230 3771 332 3846 fiunt,
357 3781 529 3854 sequnntur
549 3771 729 3838 necessario
753 3790 861 3833 causas
885 3767 1139 3849 circumstantes,

848 3873 867 3936 8
