2748 4514
231 312 292 370 115

228 468 300 540 5555
321 496 355 538 τε
377 467 434 536 τὸν
455 464 578 537 καθ’
562 469 666 560 ορμὴν
688 473 771 550 ¹¹’)
755 471 946 590 ενεργοῦντα
968 467 1014 559 μὴ
1036 467 1246 540 ἀκολουθεῖν

227 572 358 652 τούτοις
395 579 465 650 τοῖς
497 569 633 655 ἆιτίοις,
676 580 732 640 καὶ
761 557 820 654 555
848 569 959 641 σἰιτίαν
987 571 1046 654 τὴν
1074 569 1157 654 ε’ξ’
1136 581 1245 691 55505

225 673 356 755 πάντως
383 677 514 754 ἐκείνοις
542 671 718 743 συνάπτειν
746 674 810 757 ¹),
846 668 889 754 ὥς
915 701 950 743 τε
980 672 1056 742 οὐδὲ
1084 672 1144 744 τὸν
1173 671 1242 742 5555

225 773 335 872 ὕψους
355 777 485 871 ἀφέντα
506 769 609 846 λίθον
629 776 675 866 55
697 773 786 844 κοίτω
809 782 996 870 φέρεσθαι,
1019 774 1041 860 5
1061 775 1121 860 τὴν
1136 784 1242 872 0555-

225 909 288 973 ραν
315 880 403 949 κατὰ
425 884 488 948 τοῦ
514 884 667 1004 πρανοῦς
691 877 737 967 55
766 882 945 948 κυλίεσθαι
974 885 1015 962 ¹³)
1044 876 1239 972 οίφεθεῖσαν

223 1011 287 1052 κατ
312 981 437 1068 οίυτοῦ,
460 985 509 1062 τίς
530 985 578 1050 ἔτι
596 983 691 1072 χρεία
711 979 841 1103 νόμων,
864 979 907 1061 ὡς
928 981 992 1074 γὰρ
1015 978 1033 1048 5
1056 984 1159 1062 λίθος
1177 981 1238 1052 οὐκ

222 1085 263 1158 55
283 1084 348 1155 ὑπὸ
370 1089 429 1155 τοῦ
451 1091 603 1208 λέγοντος
619 1083 671 1204 55
691 1089 758 1153 δεῖν
778 1081 866 1152 κοίτω
883 1090 1053 1179 φέρεσθαι
1067 1087 1237 1169 κωλυθείη

222 1216 286 1258 ποτ
317 1185 367 1273 55,
391 1189 437 1281 τῷ
458 1185 560 1266 ἇυτὸς
582 1213 615 1254 τε
634 1186 696 1268 555
718 1183 819 1280 φύσιν
840 1190 923 1255 εῖναι
944 1190 1115 1269 τοιοῦτος,
1137 1184 1181 1255 τοί
1202 1214 1236 1256 τε

221 1289 386 1374 ἔξωθεν
366 1293 459 1359 αίτια
481 1291 562 1378 ἔχειν
590 1286 732 1411 σιίνεργα
759 1288 842 1382 πρὸς
868 1293 988 1374 τοῦτο,
1024 1286 1128 1370 ὁίτως
1157 1287 1234 1359 οὐδὲ

219 1392 311 1484 5555
331 1419 382 1484 τις
390 1393 558 1512 πεισθείη
579 1388 649 1458 ποτ’
674 1389 716 1459 55
744 1388 881 1484 λόγῳ’“
859 1421 880 1474 η
909 1390 997 1515 5555
1018 1391 1136 1472 ἄλλως
1163 1389 1233 1476 ἄξι-

220 1501 311 1565 οῦντι
332 1491 503 1588 πράττειν,
538 1491 631 1586 παρὰ
651 1491 710 1575 τὴν
737 1497 802 1586 τῷν
828 1494 1048 1619 περιεστώτων
1075 1492 1232 1584 ἆνοίγκην.

222 1597 269 1668 05
291 1596 356 1725 γὰρ
377 1602 475 1666 πλέον
495 1623 530 1666 τι
550 1593 627 1718 ἡμῖν
649 1599 684 1664 ἐκ
710 1599 770 1664 τοῦ
798 1602 942 1666 συνιέναι
973 1600 1037 1666 τῶν
1066 1623 1230 1691 προςτασ·

217 1706 387 1821 σομευων
389 1697 453 1768 ίπὸ
482 1699 546 1768 τῶν
570 1697 703 1788 νόμων,
738 1701 849 1788 ἔχουσι
876 1705 1230 1826 προκαταβερλημένας

216 1804 346 1888 ἆιτίας,
367 1800 421 1883 σίῖς
442 1799 676 1896 περιεστώσαις
697 1800 899 1884 ἀκολουθεῖν
921 1801 979 1886 τὴν
1000 1801 1106 1924 55555
1127 1803 1228 1894 ἀντίγ-

214 1925 264 1990 κη.
303 1904 413 1976 Ὃίτω
443 1903 527 1975 δὲ
507 1903 666 1997 αναιροῖτ
698 1903 740 1972 55
761 1903 800 1971 τὸ
823 1908 856 1972 ἐκ
885 1907 949 1973 τῶν
976 1902 1084 1995 νόμων
1109 1905 1226 2000 χρήσι-

212 2036 293 2134 505,
316 2011 377 2097 ε’ίγε
400 2014 431 2076 οἱ
452 2018 513 2096 μὲν
533 2004 630 2096 νόμοι
651 2013 881 2098 προςτακτικοὶ
902 2013 960 2096 μέν
981 2011 1045 2076 ἐισι
1066 2013 1132 2079 τῶν
1153 2038 1227 2081 ποι·

212 2117 333 2194 ητέων,
355 2109 610 2200 ἄπαγορευτικοὶ
631 2113 667 2176 δὲ
689 2133 753 2177 των
774 2105 812 2176 05
833 2116 1012 2195 ποιητέων,
1034 2111 1094 2202 οὔχ
1114 2118 1225 2184 ἕπεται

211 2215 307 2283 δὲ
268 2241 307 2309 τη
329 2216 392 2281 τῶν
403 2207 521 2334 γόμων
540 2208 713 2332 μροςτοίξει
741 2210 780 2279 τὸ
813 2209 895 2288 καθ
930 2209 1035 2336 ὁρμὴν
1064 2211 1158 2301 ¹⁴)‘
1137 2221 1223 2306 ημᾶς

211 2321 362 2408 ἐνεργεῖν,
402 2307 484 2382 ὅταν
511 2312 554 2380 τοί
582 2317 783 2406 περιεστῶτα
804 2311 895 2382 ολίτια
917 2314 990 2398 ἐξ’
971 2315 1117 2406 ανοίγκης
1136 2318 1222 2412 ἡμᾶς

210 2417 255 2488 ἐπ’
279 2414 367 2487 5555
389 2444 463 2485 τινα
484 2418 556 2512 κινῇ
577 2443 612 2484 τε
633 2423 689 2484 καὶ
711 2422 813 2537 (μέρη.
843 2414 1102 2540 Ἀναιρουμένου
1117 2427 1153 2493 δὲ
1168 2425 1224 2496 διὰ

209 2521 268 2606 τὴν
290 2517 448 2603 τοιαύτην
479 2522 693 2648 ειμιμρμένην
705 2522 765 2586 τοῦ
794 2516 860 2586 ἀπὸ
890 2524 953 2589 τῶν
980 2521 1090 2612 νόμων
1106 2531 1220 2620 χρησί-

207 2651 291 2714 μου,
320 2619 497 2716 ἆναιροῖυτ
521 2619 562 2690 55
583 2627 639 2689 καὶ
661 2625 693 2688 05
713 2618 820 2710 νόμοι.
868 2625 909 2690 Τι’
935 2623 999 2718 γὰρ
1028 2626 1149 2723 ὄφελος
1177 2637 1220 2716 ¹⁶)

207 2725 332 2815 νόμων,
366 2725 415 2805 ὁῖς
436 2727 627 2794 πείθεσθαι
648 2723 709 2806 τὴν
730 2723 917 2806 ἐξουσίανἰ
899 2726 965 2796 υπὸ
986 2731 1045 2812 τῆς
1066 2736 1218 2864 ἑιμμρμέ.

206 2852 265 2910 νης
286 2825 515 2954 5555550555
550 2825 609 2897 οὐκ
636 2827 704 2919 ἄρα
732 2829 779 2920 τῷ
805 2825 962 2914 τοιαύτην
989 2837 1073 2904 εῖναι
1093 2836 1157 2964 την
1174 2842 1217 2908 5-

205 2935 373 3023 μαρμένην
395 2934 507 2999 ἕπεται
528 2931 567 2998 τὸ
588 2927 690 3056 νόμον
717 2933 817 3013 ἒῖναι,
853 2936 983 3003 εναντία
1010 2935 1075 3031 γὰρ
1106 2944 1216 3064 5555-

205 3039 286 3162 555
314 3057 349 3100 τε
378 3039 433 3100 και
451 3029 582 3121 νόμος,
625 3035 687 3120 ε’ίγε
716 3029 735 3100 5
762 3043 824 3156 μέγ
851 3033 951 3125 νόμος
981 3041 1216 3132 προςτακτικός

205 3141 275 3206 ἐστι
296 3138 360 3206 τῶν
380 3140 549 3228 πρακτέων
570 3161 604 3203 τε
626 3143 682 3204 και
702 3134 765 3223 55,
788 3135 830 3217 ὡς
843 3142 908 3208 τῶν
920 3140 1133 3233 πραττόντων
1147 3151 1214 3232 ¹⁵2)

197 3235 431 3331 Ιδυναμένων
411 3264 501 3331 οιυτῳ
485 3238 713 3306 πείθεσθαι
734 3237 912 3325 κελεύοντι,
934 3242 985 3312 διὸ
1007 3254 1064 3315 καί
1078 3248 1155 3330 τοίις
1168 3248 1213 3340 55

202 3337 469 3432 55550555055‘
447 3369 490 3420 ως
512 3337 764 3434 ἁμαρτάνοντας
785 3346 911 3433 ζημιοῖ,
940 3351 1041 3437 τιμῶν
1054 3355 1133 3432 τοῦς
1145 3379 1212 3421 πει-

203 3444 415 3564 θομένους
393 3473 437 3525 ως
454 3442 759 3538 κατορθοῦντας,
740 3473 761 3512 ν
785 3450 858 3514 δὲ’
842 3456 1018 3574 ειμαρμένη
1038 3450 1149 3523 πάντα
1170 3455 1212 3525 τὰ

201 3543 356 3634 γινόμενα
379 3545 563 3635 ἀναγκαίως
592 3573 625 3615 τε
647 3555 702 3617 καί
724 3545 803 3616 διΗ
787 3552 908 3639 ομοίας
928 3551 1039 3635 ἆιτίας
1060 3564 1143 3650 φησὶ
1162 3561 1212 3684 γί-

199 3653 324 3716 νεσθαι
357 3646 421 3733 ¹⁶),
457 3653 522 3719 τῶν
549 3655 585 3719 δὲ
613 3648 700 3720 δι
683 3653 801 3740 ομοίας
827 3661 1004 3744 γινομένων
1026 3658 1121 3742 ¹⁷)'
1101 3664 1210 3744 αιτίας

200 3747 260 3838 οὐχ
281 3747 352 3818 ὁῖὸν
373 3776 407 3818 τε
428 3749 472 3818 τὰ
491 3752 593 3841 μέν’
572 3750 797 3848 αμαρτὴματα
819 3761 938 3845 λέγειν,
967 3759 1010 3828 τοί
1024 3766 1068 3831 δὲ
1089 3790 1208 3858 κατορ-

199 3849 357 3942 θώματα.
397 3850 447 3920 Ἐι
477 3853 542 3946 γὰρ
572 3861 656 3944 λέγει
688 3884 738 3937 τις
769 3866 824 3927 καὶ
852 3858 910 3927 τὸν
940 3858 1044 3952 νόμον
1077 3893 1111 3936 εν
1140 3875 1208 3946 τοῖς
