2694 4508
240 271 279 334 12

157 503 158 506 ,
238 438 381 525 κείμενον
408 439 501 516 τέλος
529 431 605 527 ὁδῷ,
657 430 761 502 Ἀλλά
785 439 841 501 καλ
869 429 911 500 τά
942 429 1029 500 κατά
1054 426 1153 519 λόγον
1173 437 1175 444 ’
1195 431 1241 512 ¹⁵)

204 536 390 663 ’,γινόμενα
419 535 464 623 16)
489 539 552 627 έχει
579 563 612 606 τι
636 538 744 620 τέλος)
788 532 967 662 οὐδὲνγὰρ
996 531 1039 614 ὡς
1059 535 1148 623 ἔτυχε
1177 537 1243 602 τῶν

235 641 323 711 κατά
349 639 448 764 λόγον
465 644 642 730 γινομένων
668 641 808 728 γίνεται,
848 635 960 707 ἀλλ”
944 638 995 706 επί
1019 663 1093 706 τινα
1117 635 1244 705 σκοπὸν

230 742 254 828 ἡ
280 742 438 840 άναφορά
459 746 560 813 πᾶσιν
587 739 710 832 άντοῖς.
757 739 854 810 Ἔστι
884 741 928 825 ¹⁷)
963 743 999 809 δὲ
1028 737 1115 809 κατά
1140 734 1244 828 λόγον

130 920 132 924 ,
233 845 407 937 γινόμενα,
433 841 497 916 ὅσα
525 843 589 948 ὑπὸ
615 848 679 914 τῶν
699 841 879 914 ποιούντων
905 841 991 928 άυτά
1010 845 1150 932 γίνεται,
1183 847 1242 910 λο-

234 954 410 1074 χιζομέγων
436 976 471 1020 τε
493 935 568 1044 περὶ
587 947 694 1018 ἀυτῶν
728 954 784 1016 καὶ
805 951 1044 1029 συντιθέντων,
1086 940 1215 1013 καθΗ
1202 941 1243 1012 άν

233 1050 275 1123 ἂν
299 1049 422 1147 τρόπον
447 1058 575 1142 γένοιτο
599 1053 653 1137 ¹⁸).
691 1047 794 1139 Ὁύτω
818 1051 942 1139 γίνεται
964 1045 1007 1117 τά
1024 1075 1058 1117 τε
1083 1045 1171 1116 κατά
1194 1051 1242 1131 ’9)

232 1154 293 1237 τάς
317 1161 432 1246 τέχνας
451 1153 607 1245 γινόμινα
633 1150 743 1224 πάντα
773 1161 830 1221 καλ
860 1150 948 1221 κατά
976 1153 1187 1245 προαίρεσιν,
1217 1147 1244 1218 ά

232 1263 385 1352 διαφέρει
414 1263 478 1328 τῶν
511 1261 688 1346 γινομένων
705 1252 837 1352 φύσει,
893 1257 940 1348 τῷ
972 1253 1016 1322 τά
1045 1263 1105 1342 μὲν
1139 1251 1242 1349 φύσει

231 1357 385 1450 γινόμενα
410 1363 444 1430 έν
464 1357 578 1440 άυτοῖς
605 1357 766 1450 ἔχειντὴν
790 1352 897 1481 άρχήν
913 1383 947 1426 τε
971 1364 1027 1425 καὶ
1047 1353 1158 1448 άιτέαν
1180 1360 1242 1440 τῆς
1317 1412 1318 1451 3

230 1459 387 1546 τοιαύτης
414 1467 565 1552 γενέσεως
593 1465 769 1545 (τοιοῦτον
789 1461 852 1584 γάρ
877 1459 899 1545 ἡ
922 1456 1044 1556 φύσις)
1073 1467 1130 1528 καὶ
1155 1461 1241 1547 γλντ-
1316 1500 1317 1554 3

231 1566 385 1651 σθαι20)
399 1575 458 1656 μέν
479 1592 567 1634 κατα
551 1562 673 1672 τάξιν
690 1563 781 1648 τινά,
815 1561 853 1633 ού
867 1561 933 1653 μὴν
947 1567 1004 1647 τῆς
1018 1561 1177 1646 ποιούσης
1190 1563 1239 1646 21)

230 1665 318 1738 άυτά
337 1665 466 1765 φύσεως
491 1665 611 1760 ὁμοίως
630 1675 704 1748 ταῖς
726 1674 853 1794 τέχναις
867 1669 1014 1772 λογισμῷ
1034 1673 1106 1758 περὶ
1128 1663 1239 1735 άντῶν

226 1777 402 1866 χρωμένης.
421 1770 472 1842 Τά
483 1776 518 1840 δέ
529 1769 706 1896 γινύμενα
697 1771 783 1840 κατά
795 1775 908 1862 τέχνην
921 1797 955 1838 τε
969 1776 1024 1838 καλ
1034 1771 1238 1863 προαίρεσιν,

229 1876 388 1960 έξωθεν”
368 1903 432 1967 εχει
445 1873 505 1960 τὴν
519 1873 622 1969 ἀρχὴν
636 1901 804 1959 κινησεως,
826 1881 883 1943 καὶ
896 1871 954 1956 τὴν
968 1870 1078 1942 άιτίαν
1088 1869 1147 1956 τὴν
1161 1898 1238 1941 ποι·

229 1980 349 2063 οὖσαν,
371 1977 440 2049 ἀλλ’
464 1978 523 2048 ὀνκ
544 1982 578 2047 ἐν
599 1977 722 2058 άυτοῖς.
764 1981 835 2046 Καὶ
855 1979 914 2060 τῆς
928 1981 1079 2064 γενέσεως
1092 1973 1237 2046 άυτῶνὸ

228 2083 289 2148 τοῦ
301 2085 476 2161 ποιοῦντος
489 2079 618 2169 ἡγεῖται
630 2087 704 2173 περὶ
725 2077 833 2148 άυτιύν
848 2074 1006 2167 λογισμός
1019 2079 1081 2162 22).
1115 2081 1238 2170 Τρίτον

229 2187 266 2252 δέ
279 2187 366 2254 έστιν
381 2189 414 2252 ἐν
427 2190 498 2264 τοῖς
509 2180 599 2253 ἕνεκά
614 2210 674 2253 του
684 2184 921 2274 γινομένοις25)
935 2189 991 2250 καὶ
1000 2179 1045 2250 τά
1059 2179 1125 2250 άπὸ
1136 2179 1238 2272 τύχης

226 2313 263 2357 τε
286 2294 342 2356 καλ
363 2284 573 2376 τάντομάτου
589 2282 636 2371 ²⁴)
663 2289 819 2375 γίνεσθαι
839 2291 1092 2375 πεπιστευμένα,
1129 2283 1236 2382 ταύτῃ
1318 2327 1319 2379 3

174 2451 177 2460 .
228 2393 292 2460 τῶν
305 2395 555 2484 προηγουμένως
575 2390 624 2475 25)
646 2384 738 2460 ἕνεκά
752 2414 811 2460 του
825 2394 1000 2477 γινομένων
1015 2393 1237 2483 διαφέροντα,

226 2485 307 2591 ᾗεπ
325 2495 449 2563 ἐκείνων
463 2489 513 2579 26)
534 2501 595 2584 μὲν
615 2494 681 2563 πάν
701 2491 739 2561 τὸ
764 2492 828 2586 πρὸ
849 2497 909 2562 τοῦ
928 2497 1041 2572 τέλους
1061 2487 1237 2581 γινόμενον

227 2601 286 2667 τοῦ
299 2601 419 2687 τέλους
429 2594 529 2690 χάριν
543 2599 687 2684 γίνεται,
709 2599 760 2667 ἐπὶ
780 2601 816 2665 δὲ
837 2592 981 2678 τούτων,
1003 2592 1044 2663 τά
1064 2603 1124 2684 μὲν
1144 2593 1237 2684 γινό-
1318 2609 1319 2622 ’

225 2713 308 2788 μονα
327 2698 393 2793 πρὸ
413 2703 472 2768 τού
492 2704 606 2780 τέλους
627 2699 730 2769 ἄλλον
751 2697 849 2793 χάριν
869 2700 1009 2788 γένεται,
1045 2695 1179 2792 ἀπαντᾷ
1203 2695 1235 2770 6⁴

225 2800 339 2882 άυτοῐς
353 2801 456 2871 άλλου
468 2799 567 2896 χάριν
576 2807 776 2894 γινομένοις,
798 2799 842 2882 ὡς
855 2807 964 2886 τέλος,
987 2801 1026 2871 τὸ
1037 2800 1235 2892 άυτομάτως

226 2932 260 2975 τε
281 2904 329 2990 27)
350 2910 406 2973 καὶ
426 2902 493 2972 άπὸ
514 2901 612 2994 τύχης
631 2908 791 2995 γίνεσθαι
812 2902 995 2995 λεγόμενον.

293 3107 426 3182 Τούτων
443 3107 473 3179 δ”
488 3106 592 3192 ὁύτως
613 3107 770 3203 ἐχόντων,
802 3117 858 3181 καλ
875 3108 1005 3183 πάντων
1025 3113 1088 3183 τῶν
1101 3119 1233 3204 γινομέ-

223 3242 281 3288 νον
295 3219 342 3296 έις
357 3211 495 3295 τούτους
508 3213 586 3294 τοὺς
607 3210 750 3309 τρόπους
772 3216 799 3296 ι)
820 3221 1058 3306 νεμεμημένων,
1090 3213 1233 3287 άκόλου-
1313 3284 1316 3300 ,

221 3322 326 3389 θον’
310 3326 361 3389 επλ
384 3314 514 3398 τούτοις
539 3314 637 3401 ιὸεἴν,
659 3319 692 3386 έν
705 3317 833 3442 ποίιρ
803 3319 893 3401 2)
848 3344 912 3388 των
925 3321 1102 3404 ποιητικῶν
1116 3318 1232 3390 άιτὶων

193 3425 194 3430 ’
219 3450 283 3516 χρη
267 3423 438 3490 τιθέναι
454 3419 514 3514 τὴν
530 3424 745 3545 έιμαρμὲνην,
768 3416 835 3514 αρά
848 3447 885 3509 γε
900 3424 934 3492 ἓν
948 3429 1018 3504 τοῖς
1028 3420 1160 3503 οὐδενὸς
1176 3452 1231 3512 γε·
1283 3476 1286 3485 ·

219 3527 369 3647 νομένρις
386 3520 506 3654 χάρινς
530 3511 584 3593 H
600 3527 751 3608 5)τοι”ιτο
775 3532 835 3613 μὲν
855 3523 1066 3596 παντάπασιν
1090 3524 1230 3615 άλογον·
1318 3591 1319 3600 ,

220 3624 272 3697 ἀεὶ
292 3625 356 3718 γὰρ
379 3629 431 3695 ἐπὶ
454 3631 568 3708 τέλους
599 3626 689 3710 τινὸς
717 3630 763 3723 τῷ
791 3629 849 3712 τῆς
872 3631 1065 3720 έιμαρμένης
1089 3625 1230 3719 ὀνόματι
1318 3607 1319 3632 l

218 3726 399 3822 χρώμεθα,
437 3725 519 3798 καθ’
549 3732 745 3825 ἑιμαρμένην
773 3728 855 3801 άυτὸ
882 3735 1028 3819 λέγοντες
1050 3737 1228 3819 γεγονέναι.

224 3832 285 3906 Διὸ
307 3833 340 3906 έν
361 3839 432 3922 τοῖς
451 3828 543 3904 ἕνεκά
560 3859 619 3906 του
642 3839 825 3926 γινομένοις
843 3831 1022 3921 ἀναγκαῖον
1036 3830 1066 3920 4)
1091 3839 1227 3908 τιθέναι
