2790 4512
969 349 971 356 '
1077 351 1137 414 {75

142 519 235 584 etiam
258 537 366 583 earum
382 512 560 600 'potestates
582 529 675 601 atque
705 531 813 595 actus,
851 531 916 582 tum
946 514 1007 603 qui
1028 539 1140 584 secum-
1174 517 1178 526 “

144 627 224 686 dum.
243 621 407 696 naturam,
443 631 509 686 tum
537 620 591 704 qui
617 630 746 704 praeter
769 633 910 685 naturam
928 635 1022 700 suut,
1061 645 1141 706 quae

144 726 269 809 quidem
303 736 433 808 praeter
464 732 605 787 nonnam
642 723 725 786 dicta
758 725 950 790 necessario·
972 728 1142 790 cohaerent

145 828 305 892 submissis
327 849 435 890 rerum
457 826 606 910 gradibus
627 825 660 890 iu
681 825 718 888 iis
740 828 835 889 rebus
857 847 937 909 quae
958 837 1143 890 natae-subt

145 931 238 995 etiam
258 930 329 994 talis
351 929 400 993 rei
419 929 611 1012 participes,
648 947 713 993 non
734 928 970 1012 principaliter,
1007 932 1143 1014 sed⁴per

148 1056 217 1099 eum
246 1037 374 1106 modmn
403 1032 458 1120 qui
489 1031 603 1096 dicitur
635 1031 884 1113 adexsistentiae.
934 1031 1142 1118 Cognoscere

146 1151 248 1202 autem
272 1139 362 1202 Deos
387 1157 425 1200 ea
452 1155 535 1220 quae
561 1147 633 1198 sunt
652 1134 803 1218 ancipitia
828 1135 939 1198 melius
966 1157 1058 1219 quam
1078 1135 1144 1200 lert

147 1262 258 1306 eorum
278 1251 409 1315 natura3
431 1238 505 1322 quia
524 1239 605 1302 baec
621 1237 747 1322 quidem
763 1249 906 1304 patinam
922 1240 1068 1302 habentia
1084 1233 1142 1321 pei

147 1365 181 1406 se
206 1343 395 1416 indefinitam
420 1353 553 1425 possunt
574 1354 606 1406 et
624 1342 751 1406 evenire
772 1355 803 1406 et
827 1365 892 1406 non
917 1343 1043 1406 evenire
1050 1388 1060 1419 ,
1083 1341 1143 1424 ipsi

148 1466 246 1523 vero,
276 1455 310 1508 ut
332 1446 386 1530 qui
408 1455 540 1508 naturae
562 1445 624 1509 sint
640 1446 776 1528 potioris
797 1447 912 1510 horum
930 1446 1143 1531 cognitionem

148 1560 398 1626 antecesserunt,
431 1548 475 1612 ita
494 1560 530 1612 ut
548 1548 643 1612 'etiam
666 1549 794 1612 delinito
815 1548 874 1612 ista
890 1549 1017 1614 *romum
1061 1551 1144 1612 Nam

148 1663 179 1716 et
199 1673 251 1716 res
273 1651 437 1735 partibiles
461 1638 691 1735 impartibiliter
718 1663 750 1714 et
768 1651 952 1715 indistanter
974 1673 1029 1715 eos
1048 1672 1144 1715 nosse
1227 1679 1231 1696 ·

147 1776 277 1820 necesse
299 1767 364 1831 est,
399 1766 430 1818 et
450 1754 632 1837 multiplicia
652 1753 870 1830 uniformiter,
906 1765 937 1818 et
957 1755 1145 1836 temporalia

147 1870 298 1936 aeterne,
333 1869 365 1921 et
393 1857 498 1942 genita
525 1857 675 1942 ingenite.
725 1858 838 1940 Neque
860 1855 942 1920 enim
963 1856 1159 1920 audebimus

147 1961 253 2024 dicere
290 1982 363 2024 cum
400 1961 540 2026 fluxione
561 1981 682 2046 'remum
716 1981 779 2022 una
815 1959 966 2022 cursitare
1002 1961 1146 2024 Deorum

148 2063 365 2150 cognitionem
386 2076 440 2130 aut
460 2086 529 2128 esse
552 2062 667 2154 aliquid
689 2064 772 2145 apud
799 2083 873 2139 eos,
911 2072 966 2126 aut
991 2063 1146 2145 praeteri·

148 2179 214 2230 tum
242 2177 295 2231 aut
325 2167 499 2248 luturmu„
521 2186 624 2250 neque
656 2170 739 2249 apud
767 2187 823 2230 eos
852 2165 935 2243 dici,
974 2168 1062 2250 quod
1087 2185 1146 2230 nos

148 2270 299 2334 Timaeus
319 2271 430 2348 docet,
466 2269 542 2334 hoc
567 2269 667 2347 tuit,
701 2270 779 2352 boc
806 2269 901 2347 erit,
940 2289 1020 2357 quae
1048 2289 1145 2334 voces
1237 2283 1240 2288 “

151 2372 330 2436 mutationis
356 2372 390 2436 in
420 2393 455 2436 se
482 2371 744 2458 significationem
774 2375 908 2450 habent,
946 2375 1002 2436 sed
1027 2380 1147 2436 tantum

152 2488 231 2554 est,
263 2485 295 2538 et
315 2477 380 2540 hoc
399 2475 502 2559 ipsum
529 2497 594 2540 non
616 2488 872 2540 connumeratum
895 2497 966 2539 cum
988 2475 1045 2538 illo
1072 2474 1149 2556 siat

150 2591 196 2643 et.
211 2580 309 2658 erit,
333 2591 426 2663 atque
447 2580 487 2642 ab
509 2578 552 2643 eis
568 2592 680 2643 contra
693 2579 881 2655 distinctum,
905 2581 960 2641 sed
975 2577 1147 2662 cogitatum

151 2693 222 2746 ante
246 2703 369 2747 omnem
388 2681 540 2765 temporis
557 2682 794 2772 indicationem,
805 2680 861 2766 ‘ita
882 2694 917 2746 ut
931 2681 1075 2744 Deorum
1090 2679 1148 2741 im*

149 2785 385 2849 mutabilitatem
407 2798 438 2850 et
458 2785 734 2851 invariabilitatem
754 2784 928 2871 significet:
952 2781 1148 2868 quodetiam
1175 2813 1177 2820 v

149 2909 281 2974 magnus
302 2889 508 2954 Parmenides
530 2889 616 2954 omni
636 2889 683 2954 rei
704 2911 784 2973 qnae
805 2887 965 2952 intellectu
986 2887 1058 2952 solo
1073 2905 1148 2968 per·
1230 2935 1232 2940 ,

148 2989 265 3073 cipitur
286 2995 396 3056 adesse
418 2992 567 3070 affirmat,
591 2993 638 3058 sie
659 2992 740 3056 enim
763 2991 824 3056 ait:

187 3134 259 3187 Non
272 3131 364 3206 fuit,
382 3145 435 3191 aut
454 3139 511 3192 erit
530 3135 595 3206 boe,
624 3109 963 3190 restaurandarum:
990 3140 1035 3184 est
1052 3132 1113 3182 hoc.

153 3297 269 3380 Neque
286 3297 523 3362 existimandum
541 3315 589 3366 est
609 3303 819 3372 necessarium
840 3300 986 3363 habitura
1005 3303 1152 3360 eventum
1191 3315 1194 3320 ·

154 3421 191 3464 ea
209 3419 290 3484 quae
305 3399 449 3482 ancipitia
466 3402 614 3480 dicimus,
638 3403 711 3486 quia
732 3424 751 3465 a
771 3401 847 3465 Deis
867 3400 996 3464 delinito
1015 3420 1152 3462 noscun-

153 3515 220 3567 tur.
265 3503 342 3566 Nou
365 3503 465 3580 enim,
497 3505 569 3588 quia
592 3505 625 3569 id
645 3507 745 3568 sciunt
767 3504 843 3581 Dii,
877 3505 951 3567 idco
974 3503 1152 3566 necessario

154 3607 214 3669 ista
236 3605 400 3682 evenient,
440 3610 494 3671 sed
527 3609 599 3692 quia
628 3620 769 3671 namnam
797 3607 943 3669 habentia
975 3605 1152 3691 ambiguam

156 3720 187 3772 et
207 3709 240 3770 in
261 3720 429 3793 utrumque
447 3711 643 3794 proclivem,
669 3711 786 3775 exitum
807 3711 967 3774 habebunt
988 3711 1082 3772 talem
1101 3721 1153 3772 aut

153 3812 267 3887 talem,
290 3825 462 3895 propterca
483 3815 572 3879 Deos
589 3835 717 3878 neeesse
738 3825 785 3876 est
806 3812 888 3876 scire
913 3814 1076 3898 quomodo
1102 3833 1152 3874 res

156 3914 279 3979 cxitma
308 3915 365 3994 sit,
401 3929 510 4002 estque
535 3918 616 3983 idem
642 3930 752 3984 natura
782 3917 906 4002 quidem
939 3939 995 3984 sua
1023 3937 1156 4001 anceps,
