2694 4508
281 540 356 616 Ὄτι
376 555 436 636 μέν
457 546 568 617 ῦιτίαν
584 552 612 630 ¹)
634 547 710 618 τινὰ
730 546 790 616 τῦν
808 550 1005 640 έιμαρμένην
1024 551 1094 624 τοῖς
1109 548 1244 632 γινομέ-

225 675 296 731 νοις
318 653 402 720 έῐναι
422 654 555 742 λέγουσι
576 647 711 734 πάντες,
743 655 776 719 οἱ
794 655 868 743 περ)
882 651 1078 742 έιμαρμένης
1092 650 1245 736 λέγοντές

226 779 276 834 τι,
308 749 492 846 γνώριμον·
528 749 651 838 ταύτην
674 751 741 847 γὰρ
768 749 969 822 σ’νποδιδόασί
996 762 1032 821 τε
1059 756 1115 820 καὶ
1136 754 1247 846 φασὶν

181 861 187 869 ’
227 851 338 924 ῦιτέαν
352 859 435 926 έῦναι
455 859 515 926 τοῦ
527 859 686 946 γίνεσθαι
700 855 743 926 τὰ
756 853 930 946 γινόμενα,
954 851 992 926 ῦν
1011 849 1136 949 τρόπον
1156 853 1248 942 γένε-

221 955 286 1027 ’ται
306 957 349 1042 ²).
377 955 466 1028 Ἐπεὶ
480 963 516 1028 δέ
536 961 722 1050 πλεοναχῶς
742 965 871 1049 λέγεται
889 957 933 1028 τό
953 956 1046 1030 ἆτ’τια
1067 961 1117 1041 ³),
1139 953 1247 1044 ἄναγ-

228 1069 325 1130 καὶον
337 1067 408 1142 τοῖς
427 1065 461 1132 έν
474 1059 617 1148 τάξει
583 1089 622 1133 το
639 1060 818 1155 πρόβλημα
833 1065 1000 1155 μετιοῦσι,
1031 1062 1162 1154 πρῶτον
1183 1063 1248 1127 λα-

228 1162 355 1250 βεϊν,
337 1164 402 1234 νπό
423 1167 497 1235 τίνα
517 1163 640 1261 τρόπον
662 1161 692 1252 ⁴)
716 1169 780 1238 τῶν
800 1165 915 1237 ἅιτὶων
936 1163 1001 1259 χρὴ
1023 1167 1161 1233 τιθέναι
1182 1159 1247 1246 τὴν

230 1267 442 1360 έιμαρμένην·
464 1266 617 1340 οὐδέν
572 1299 643 1396 χαρ
657 1274 723 1340 τῶν
736 1273 909 1359 πολλαχῶς
927 1273 1106 1358 λεγομένων
1125 1259 1247 1354 γνώρι-

230 1395 295 1458 μον
308 1377 408 1463 χωρὶς
420 1374 479 1455 τῆς
496 1371 619 1454 ὀικείας
637 1377 826 1499 διαιρέσεως
843 1368 1028 1463 λεγόμενον.
1058 1372 1249 1492 Διαιρεῖται

231 1476 268 1542 δέ
290 1478 320 1557 ⁵)
352 1471 396 1542 τό
418 1477 483 1544 τῶν
506 1479 683 1566 γινομένων
709 1474 801 1545 ἆὶτια
831 1479 877 1557 έις
904 1472 1048 1568 τρόπους
1071 1469 1186 1542 ἆιτιῶν
1217 1470 1249 1554 ⁶)

233 1579 426 1700 τέσσαρας,
457 1576 622 1660 καθὼς
605 1607 625 1648 ο
650 1586 748 1660 θεῖος
772 1576 1004 1673 Ἀριστοτέλης
1030 1578 1059 1661 7)
1096 1578 1249 1694 δέδειχεν.

219 1681 298 1769 ,τῶν
320 1677 384 1770 γὰρ
406 1677 519 1752 ἆιτὶον
542 1709 587 1752 τα
609 1687 669 1773 μέν
693 1687 763 1753 ἐστι
781 1679 938 1766 ποιητικὰ
963 1680 1009 1766 8),
1041 1678 1084 1748 τὰ
1105 1683 1141 1748 δέ
1166 1671 1250 1762 ῦλης

236 1783 340 1906 έπέχει
358 1781 527 1872 λόχον,
508 1809 578 1856 εστι
599 1791 636 1856 δέ
648 1814 699 1868 τις
723 1783 790 1856 ἐν’
771 1793 885 1868 αυτοῖς
899 1813 955 1854 και
968 1781 989 1868 ἡ
1004 1782 1091 1853 κατὰ
1105 1809 1144 1850 το
1130 1779 1250 1862 ε’ῐδος

236 1881 338 1956 ἇιτία.
379 1886 486 1982 Παρὰ
499 1889 586 1958 δέ
549 1917 610 1972 τας
627 1898 712 1986 τρεῖς
726 1895 756 1975 9)
771 1888 896 1970 ταύτας
909 1887 1020 1968 ἅιτιας
1033 1887 1123 1956 ἔστιν
1138 1882 1251 1955 ἇὶτιον

149 2036 154 2050 ·
211 2003 215 2010 '
238 1987 316 2057 ἐν’
296 1997 409 2076 αυτοῖς
433 1991 545 2062 καὶτὸ
563 1998 656 2078 τέλος
675 1990 791 2079 ¹⁰),
775 1997 814 2062 οῦ
831 1989 930 2084 χάριν
950 1998 1007 2060 καὶ
1023 1987 1062 2059 τό
1076 1983 1250 2078 γινόμενον

237 2092 372 2214 χίνεται.
413 2097 484 2164 Κατ
509 2100 670 2166 τοσαῦται
691 2105 751 2186 μέν
774 2101 811 2164 αἱ
835 2099 900 2165 τῶν
927 2092 1041 2164 ἇιτὶων
1067 2097 1251 2186 διαφοραὶ,

239 2185 293 2262 ῦτι
306 2222 371 2315 χορ
387 2191 428 2278 οὶν
442 2193 549 2267 ἆίτιον
564 2189 584 2295 ᾖ
599 2198 707 2284 τινὸς,
728 2195 793 2269 ὑπὸ
807 2196 932 2269 τοῦτον
951 2204 983 2268 τὶ
1000 2200 1064 2266 τῦν
1081 2193 1195 2264 ῦιτίων
1210 2191 1251 2264 ῦν

239 2295 470 2390 έορεθὴσεται.
512 2302 639 2372 Και
600 2330 665 2392 χαρ
680 2307 709 2372 έι
722 2301 768 2424 μὴ
782 2300 892 2373 πάντα
904 2299 949 2371 τὰ
951 2298 1115 2396 γινόμενα
1125 2294 1251 2368 τοσαῦ-

240 2425 305 2468 των
320 2397 433 2471 ιἰιτίων
446 2407 568 2488 δεῖται,
590 2401 732 2474 ῦλλὰ’
692 2433 736 2475 τα
747 2432 784 2494 χε
798 2407 955 2475 πλείστων
970 2400 1107 2494 δεόμενα
1122 2398 1216 2485 ¹¹)'
1180 2397 1248 2492 σῦχ’
1322 2437 1323 2446 ¹

182 2519 183 2524 ’
240 2497 482 2678 ὑπερβαίνει
449 2532 507 2577 τον
528 2505 735 2632 ἀριθμόν
701 2537 761 2580 τον
780 2512 957 2602 έιρημένον.
1008 2509 1252 2598 Ιῦωριμωτέρα

242 2597 333 2678 ὁῦν
349 2605 439 2693 ¹²)
418 2635 527 2682 αυτων
543 2639 564 2696 η
587 2611 737 2709 διαφορὰ
756 2614 897 2702 γένοιτο,
919 2611 1010 2679 έιέπι
998 2609 1252 2732 παραὸεέχμα-

200 2742 202 2747 ’
242 2705 301 2791 τός
320 2738 410 2793 τινος
424 2716 676 2841 τῶνχινομένιρν
691 2721 735 2802 ιδ)
757 2711 911 2810 ὁραθείη.
942 2710 1051 2782 Ἔστω
1073 2709 1146 2796 δέχ’
1130 2735 1170 2781 επ
1192 2707 1254 2779 ἆν-

241 2808 433 2906 aecanos
414 2823 491 2908 ημῖν
511 2815 532 2904 ἡ
553 2823 617 2890 τῶν
636 2818 749 2891 ἀιτὶιιν
766 2823 952 2909 ὁεικνυμενη
967 2818 1135 2905 διαίρεσις
1182 2814 1254 2883 Τοῦ

244 2913 285 3000 δὴ
300 2913 535 3041 ἀνδριάντος
512 2950 555 3001 ως
567 2932 627 3011 μέν
642 2922 812 3024 ποιητικόν
828 2919 936 2992 ἆτ’τιον
957 2915 1132 3003 ὁποιησας
1140 2918 1254 3037 τεχνέ-

243 3043 323 3104 της,
352 3015 390 3090 ῦν
405 3019 679 3115 ἀνδριαντοποιὸν
692 3017 874 3116 καλοῦμεν,
906 3021 949 3105 ὡς
964 3027 999 3092 δέ
1017 3017 1149 3106 ἡῦλη’
1133 3047 1152 3089 ο
1170 3017 1254 3100 ῦπο-

245 3124 388 3213 κείμενος
400 3125 561 3216 χαλκός’“
540 3155 560 3210 η
579 3127 739 3212 λέθος,’
718 3155 738 3213 η
760 3121 823 3211 ῦ,τι
844 3128 886 3197 ἂν
906 3115 926 3225 ἦ
944 3127 983 3195 τὸ
998 3124 1062 3196 ὑπὸ
1076 3128 1137 3194 τοῦ
1150 3126 1254 3214 τεχνέ-

245 3251 306 3296 τον
320 3220 365 3311 ¹⁴)
380 3226 656 3358 σχηματιζόμενον
672 3230 758 3301 κατὰ
776 3229 835 3315 τὴν
845 3236 976 3353 τέχνην
999 3226 1106 3298 αι’τιον
1118 3225 1182 3322 γὰρ
1198 3230 1255 3296 καὶ

247 3334 345 3410 τοῦτο
365 3337 423 3404 τοῦ
438 3339 606 3424 ’γεγονέναι
624 3361 660 3404 τε
679 3343 736 3404 καὶ
756 3338 839 3404 έῖναι
856 3332 915 3402 τόν
931 3328 1123 3427 ανδριόντα.
1156 3329 1256 3400 Ἔστι

248 3439 283 3502 δέ
299 3437 406 3506 καὶτὸ
423 3442 508 3521 έῑὸος
526 3437 565 3508 τὸ
579 3442 612 3509 ἐν
629 3443 674 3532 τῷ
692 3436 890 3532 ὑποκειμένῳ
904 3433 1010 3533 τούτῳ
1025 3432 1195 3526 γινόμενον
1210 3435 1256 3516 ¹⁵)

247 3539 313 3612 ὑπὸ
338 3545 397 3610 τοῦ
413 3545 579 3632 τεχνίτου,
606 3549 663 3611 καὶ
680 3539 762 3612 ἀντὸ
779 3543 839 3611 τοῦ
858 3537 1053 3635 ἀνδριάντος
1068 3537 1191 3622 ἆίτιον,
1211 3533 1254 3606 δι’

249 3639 269 3715 ῦ
284 3649 372 3715 έστιν
388 3649 474 3725 ἒῐδος
488 3644 668 3732 δισκεύονῆ
682 3642 850 3730 ῦκοντέζον
864 3643 926 3730 16),
947 3643 969 3726 ἢ
983 3641 1028 3712 ἐπ’
1048 3641 1151 3710 ἄλλον
1166 3638 1257 3720 τινὸς

251 3748 431 3844 ὡρισμένον
442 3747 618 3840 σχήματος.
628 3749 686 3821 ’ον
700 3747 786 3840 μόνα
798 3753 833 3818 δέ
849 3751 953 3816 ταῦτα
963 3749 1022 3828 τῆς
1033 3747 1091 3812 τοῦ
1101 3740 1256 3836 ἀνδριοῦν·

244 3881 308 3936 ,τος
318 3859 469 3944 γενέσεως
483 3850 575 3922 ῦίτια
589 3855 694 3935 ἔστιν,
717 3849 847 3932 οῦδενός
857 3849 921 3942 γὰρ
932 3853 996 3918 τῶν
1007 3845 1119 3918 ἇιτὶων
1132 3851 1191 3930 τῆς
1204 3873 1256 3934 χε-
