2754 4510
263 331 325 393 m

264 492 371 585 τόμος
391 497 447 562 καὶ
468 493 572 574 ἔθος,
608 488 666 566 διά
686 487 725 562 τὸ
747 483 959 613 άυτεξριίσιον
985 489 1046 560 τοῦ
1073 485 1289 586 άνθριίπου,

263 606 322 668 καὶ
344 595 404 666 οὐκ
428 592 640 720 άνριγκάζει“
622 625 642 680 η
664 600 787 682 γένεσις
808 593 885 675 τοὺς
901 590 1025 688 Σκίρας
1044 592 1090 684 μὴ
1110 600 1289 680 θέλοντας

212 701 217 709 ’
265 697 434 797 φονεύειν,
456 698 477 783 ἢ
498 697 578 779 τούς
598 703 804 792 Βραχμᾶνας
824 705 1043 792 κρεοφαγεῖν,
1058 695 1080 782 ἢ
1100 724 1180 780 τους
1191 705 1287 794 Περ-

265 830 328 884 σας
349 800 520 892 ἀθεμίτοις
544 801 590 892 μὴ
612 809 743 891 γαμεῖν,
766 799 788 885 ἢ
809 799 1030 881 τούςἽνδους
1046 799 1092 890 μὴ
1106 804 1287 886 καίεσθαι,

264 905 286 990 ἢ
308 904 386 986 τοὺς
407 903 547 988 Μήδους
567 905 612 996 μὴ
635 905 824 974 ἐσθίεσθαι
844 902 909 974 ὑπὸ
935 905 1039 974 κυνῶν
1057 904 1122 987 29),
1157 902 1180 988 ἢ
1202 905 1286 986 τοὺς

265 1006 437 1102 Πάρθους
462 1007 508 1098 μὴ
536 1013 756 1098 πολυγαμεῖν,
792 1007 813 1093 ἢ
835 1006 896 1088 τὰς
917 1009 1009 1103 ἕκτῇ
1031 1011 1284 1102 Μεσοποταμίᾳ

264 1119 425 1202 γυναῖκας
444 1111 491 1202 μὴ
514 1119 713 1206 σωφρονεῖν,
744 1109 767 1194 ἢ
798 1109 876 1191 τοὺς
895 1103 1060 1193 Ἕλλιμας
1086 1108 1132 1200 μὴ
1153 1107 1284 1200 γυμνά-

208 1289 210 1292 ,
265 1220 391 1300 ζεσθαι
419 1221 556 1304 γυμνοῖς
583 1222 654 1296 τοῖς
681 1211 846 1302 σάμασιν,
881 1211 903 1298 ἢ
930 1211 1009 1293 τοὺς
1026 1209 1213 1302 Ῥωμαίους
1231 1212 1281 1303 μὴ

265 1325 413 1410 κρατεῖν,
445 1315 467 1400 ἢ
497 1315 575 1396 τους
595 1315 748 1397 Γάλλους
769 1315 814 1406 μὴ
836 1321 1057 1406 γνμνεῖσθαι,
1079 1314 1102 1398 ἢ
1124 1314 1171 1384 τά
1190 1315 1281 1384 ἄλλα

263 1418 423 1514 βάρβαρα
459 1421 546 1503 ἔθνη
578 1427 654 1499 ταῖς
687 1417 751 1488 ὑπὸ
788 1423 852 1489 τῶν
883 1415 1046 1502 Ἑλλήνων
1086 1424 1282 1507 λεγομέναις

264 1520 422 1603 Μοίσαις
443 1528 618 1592 κοινωνεῖν.
640 1519 729 1592 Ἀλλ’
754 1519 800 1603 ὡς
818 1525 989 1615 προείπον,
1013 1526 1153 1591 ἕκαστον
1174 1523 1281 1604 ἔθνος

264 1633 321 1696 καὶ
343 1631 481 1706 ἕκαστος
501 1628 566 1694 τῶν
586 1622 776 1715 ἀνθρώπων
794 1630 916 1718 χρῆται
938 1627 978 1722 τῇ
999 1622 1120 1694 ἑαυτοῦ
1142 1628 1280 1696 ἕλευθεέ

263 1730 321 1822 ρίφ
344 1725 386 1809 ιδς
407 1726 584 1817 βούλεται,
620 1736 675 1798 καὶ
703 1722 757 1797 ὅτε
784 1726 957 1817 βούλεται,
993 1734 1049 1797 καὶ
1071 1727 1281 1826 δουλείειτῇ

264 1835 386 1920 γενέσει
408 1839 464 1900 καὶ
485 1835 524 1930 τῇ
546 1827 661 1928 φάσει,
684 1829 723 1900 δι’
746 1827 787 1915 ἢν
808 1833 988 1923 περίκειται
1009 1827 1129 1924 σάρκα,
1147 1834 1196 1916 ιτῆ
1214 1841 1276 1922 μὲν

263 1931 307 2015 ὡς
335 1932 511 2023 βούλεται,
546 1938 592 2019 πῆ
615 1939 650 2003 δὲ
672 1932 715 2014 ὡς
738 1933 784 2024 μὴ
812 1931 989 2022 βούλεται·
1030 1937 1186 2025 πανταχῆ
1211 1934 1278 2028 γάρ

262 2044 319 2107 καὶ
341 2041 374 2106 ἐν
395 2045 494 2108 παντὶ
515 2040 611 2108 ἔθνει
632 2041 696 2105 ἐισί
716 2033 871 2106 πλούσιοι
891 2043 948 2105 καί
969 2040 1119 2122 πένητες,
1140 2045 1199 2107 καί
1215 2036 1277 2131 ι’ίρ-

258 2165 373 2230 χοντες
401 2147 458 2208 και
488 2137 686 2232 ἀρχόμενοι,
724 2146 781 2208 καὶ
810 2141 986 2232 ερῥωμένοι
1017 2147 1074 2208 καὶ
1101 2142 1277 2221 νοσοῦντες

263 2247 403 2323 ἕκαστος
432 2241 519 2312 κατά
547 2269 625 2322 τους
653 2245 713 2325 τῆς
742 2247 897 2330 γενέσεως
922 2240 1026 2312 ἄντοῦ
1055 2239 1208 2371 κλήρους.
1233 2277 1277 2292 ··-

269 2347 420 2414 Ταῦτα’
399 2374 424 2438 ῳ
409 2334 691 2437 Βαρδισάνη’
646 2398 655 2428 ,
676 2345 785 2439 άκρως
799 2342 887 2434 ἡμᾶς
907 2350 1053 2428 πέπεικε,
1074 2353 1160 2440 φημί
1175 2343 1277 2441 ἀντῷ.

270 2450 310 2517 Οἱ
340 2453 375 2517 δὲ
402 2446 609 2570 ἀστρονόμοι
633 2455 741 2579 φαρὶ
745 2447 803 2532 τὴν
826 2451 888 2574 γῆν
915 2445 1039 2532 ταύτην
1070 2417 1276 2542 μεμερίσθαι

264 2554 310 2632 εἰς
334 2549 417 2620 ἑπτά
443 2555 606 2643 κλίματα,
642 2559 698 2620 καὶ
726 2549 838 2640 ἄρχειν
865 2547 1004 2620 ἑκάστου
1037 2554 1235 2673 κλίματος”
1216 2579 1276 2621 ενα

264 2659 329 2723 τῶν
355 2653 438 2724 ἑπτά
462 2653 627 2748 ἀστέρων,
663 2661 719 2724 καὶ
743 2654 821 2734 τοὺς
847 2649 1067 2747 διαφόρους
1058 2650 1184 2782 νόμους
1215 2663 1276 2744 μὲν

263 2784 342 2837 τους
362 2756 566 2851 ἀνθρώπους
588 2760 807 2827 τεθεικέναι“
792 2763 939 2838 εαυτοῖς,
962 2754 1068 2825 άλλ
1052 2754 1194 2826 εκάστου
1208 2756 1275 2882 άρ·

261 2886 384 2949 χοντας
411 2859 603 2944 πλεονάζειν
630 2859 670 2930 τὸ
697 2866 833 2950 θέλημα
866 2861 899 2929 ἓν
928 2861 968 2955 τῇ
997 2858 1067 2953 ἰδίρι
1085 2857 1274 2954 χάρφ,ον

266 2960 368 3053 νόμον
389 2962 608 3053 νενομάκοσιν
629 2971 662 3033 οἱ
682 2961 908 3084 κρατούμενοι.
953 2996 995 3010 -
1040 2960 1272 3057 Ἀπεκρίνατο·

260 3064 325 3142 Ιοὐκ
352 3064 529 3150 ἀληθὴς
510 3095 531 3148 νγ
557 3063 734 3159 ἀπόκρισις
760 3063 850 3148 ³⁰)
831 3063 931 3150 αὐτη,
968 3053 994 3133 ὦ
1031 3069 1185 3138 Φίλιππε.
1222 3064 1272 3136 'Ec

265 3169 329 3263 γάρ
355 3176 411 3238 και
440 3167 644 3264 διῄρηται
626 3197 645 3252 η
674 3168 846 3257 οἰκουμένη
879 3169 926 3248 ίις
957 3174 1040 3262 μέρη
1071 3167 1170 3251 ἑπτὰ,
1201 3166 1269 3240 ἄλλ’

266 3270 326 3342 ὀῦν
345 3302 381 3362 γε
404 3277 438 3340 ἓν
458 3302 520 3367 μια
504 3275 684 3365 μερίδι
669 3275 857 3365 ιυρίσκομεν
880 3270 1005 3352 πολλάς
1032 3271 1254 3368 διαφορὰς
1219 3301 1272 3344 vo·

265 3402 344 3463 μων.
390 3375 472 3445 Οὐδὲ
491 3374 555 3468 γάρ
574 3373 657 3444 ίπτά
671 3373 767 3464 νόμοι
786 3377 848 3443 εἰσὶ
866 3373 951 3443 κατά
973 3373 1050 3455 τούς
1074 3374 1157 3445 ἑπτά
1178 3374 1271 3446 ἄστε’·

268 3506 345 3568 ρας,
375 3477 449 3548 οὐδὲ
473 3477 600 3550 δώδεκα
620 3477 708 3548 κατά
729 3475 771 3546 τά
787 3476 905 3562 ζώδια,
940 3475 1016 3548 οὐδε
1038 3475 1217 3572 τριάκοντα
1236 3476 1272 3565 ἕξ

266 3580 454 3661 κατάντους
482 3581 644 3663 Δεκανοίις
672 3584 732 3667 ⁸¹),
764 3578 852 3650 ἀλλά
871 3579 995 3674 μύριοι.
1048 3579 1270 3671 Μνημονεύειν

218 3683 222 3691 ’
266 3711 299 3752 τε
322 3680 465 3778 ὀφείλετε
491 3677 535 3754 ὧν
559 3695 731 3778 προεῖπον,
768 3679 821 3754 ὅτι
850 3693 905 3753 καί
932 3687 966 3753 ἐν
990 3687 1036 3753 ἑνί
1061 3688 1196 3773 κλίματι
1216 3695 1270 3758 καί
1345 3738 1348 3752 .

201 3837 205 3845 .
269 3791 301 3856 ἐν
330 3789 392 3876 μιᾷ
413 3783 507 3878 χώρᾳ
534 3794 598 3858 τῶν
617 3785 732 3872 Ἰνδῶν
757 3794 837 3858 ἐισὶν
861 3784 1134 3880 άνθρωποφάγοι
1152 3786 1269 3870 Ἰνδοὶ,

264 3892 319 3958 καί
344 3893 425 3961 εἰσιν
446 3896 478 3958 οί
498 3889 652 3990 ἐμφάγοιεν
678 3889 885 3981 ἀπεχόμενοι·
915 3896 970 3958 καί
997 3883 1050 3960 ίίτι
1073 3897 1105 3962 ολ
1129 3897 1267 3980 Μάγου..
