2790 4512
249 287 417 376 αι’

732 484 771 550 I'.

310 581 460 674 Σόμασι
473 581 571 675 μέν’
554 587 612 654 οὖν
629 589 805 680 ἐπιτρέψαι
827 580 869 653 τά
884 577 993 654 πάντα
1014 581 1122 654 έίτε’
1100 580 1252 675 ατόμοις,

248 690 311 758 ε’ίτε
342 696 412 768 τοῖς
439 689 612 790 στοιχείοις
635 692 862 777 καλουμένοις,
898 695 954 776 καὶ
979 690 1020 784 τῇ
1056 692 1092 756 ἐκ
1127 686 1254 760 τούτων

247 787 378 884 ἀτάκτῳ
400 817 491 911 φορρ
476 786 604 874 τάξιν
624 798 681 862 καὶ
701 786 801 878 λόγον
821 797 877 860 καί
895 788 1009 884 ψυχήν
1030 789 1089 874 τήν
1110 789 1253 881 ήγονμέ-

244 918 304 978 νήν
331 898 465 987 γεννᾷν,
506 891 703 989 ἀμφοτέρως
731 903 792 982 μὲν
821 892 960 963 ἀτσσον
978 901 1036 962 καὶ
1063 891 1249 966 ἀδύνατον·

244 994 491 1090 ἀδυνατώτερον
522 1001 577 1079 δέ,
618 1001 647 1066 ἐι
680 993 751 1068 ὁῖόν
773 1022 807 1065 τε
822 1001 950 1084 λέγειν,
978 994 1027 1066 ,τὸ
1049 995 1128 1080 ξ’
1107 994 1252 1087 ατόμων.

245 1104 318 1176 Καὶ
341 1108 415 1192 περὶ
436 1097 560 1176 τοήτων
579 1105 698 1172 ωολλοῖ
718 1103 862 1192 ἑίρνμται
889 1096 984 1187 λόγοι
1010 1098 1176 1184 ἀληθεῖς.Ι
1202 1098 1252 1168 'a

245 1209 282 1282 δέ
303 1201 343 1287 δή
365 1199 464 1280 θεῖτό
486 1229 536 1282 τις
557 1200 716 1282 τοιαύτας
729 1201 848 1294 ἀρχάς,
870 1198 939 1274 ⁰66
955 1199 1057 1282 ὁότως
1068 1201 1252 1290 ἀναγκαῖον

245 1303 319 1381 όότε
340 1306 400 1389 τήν
421 1303 659 1374 κατὰπάντων
679 1302 845 1392 ἀνάγκην,
881 1303 954 1376 ὀότε
982 1305 1041 1389 τήν
1068 1305 1180 1386 άλλως
1205 1311 1251 1374 εἰ-

244 1413 411 1502 μαρμένήν
436 1413 590 1478 ἕπεσθαι.
639 1413 723 1501 Φέρε
748 1408 812 1500 γάρ
834 1412 963 1500 πρῶτον
983 1406 1131 1498 ἀτόμους
1147 1414 1249 1480 ε’ῖναι·

245 1510 346 1582 ἀτίται
370 1513 480 1582 τοίνυν
505 1509 713 1594 κινήσονται,
734 1511 793 1595 τήν
817 1521 877 1601 μὲν
905 1515 951 1592 εἰς
975 1511 1014 1581 τὸ
1038 1510 1126 1580 κάτω
1152 1515 1249 1594 (ἔσται

244 1612 365 1705 γάρτι
393 1611 496 1697 κάτω)
524 1613 584 1700 τήν
604 1619 640 1686 δὲ
669 1619 715 1687 ἐκ,
728 1616 874 1703 πλαγίων
899 1609 963 1700 ὅση
985 1618 1116 1706 ἔτυχεν,
1148 1615 1249 1686 ἄλλαι

244 1717 331 1792 κατά
350 1717 456 1800 ἀλλα,
475 1717 571 1790 οὐδὲν
592 1717 632 1802 δή
653 1715 783 1800 πάντως
801 1724 845 1803 ¹),
866 1715 984 1803 τάξεώς
1000 1745 1034 1788 τε
1055 1718 1115 1788 οὐκ
1137 1715 1247 1804 όόσηςε

247 1821 297 1902 Τὸ,
318 1826 353 1892 δὲ
371 1819 545 1910 γενόμενον
562 1826 661 1896 τοῦτο
679 1817 732 1897 ὅτε
750 1828 860 1912 γέγονε
877 1821 1027 1904 πάντως,
1056 1816 1100 1903 όίς
1120 1849 1155 1892 τε
1173 1819 1247 1893 όότε

242 1923 423 2021 τρόῤῥησις
442 1927 475 2008 2)
497 1923 571 1998 ὀότε
592 1925 735 2017 μαντική
758 1925 797 1995 τὸ
821 1922 981 2018 παράπαν
1001 1925 1044 1995 ἀν
1067 1927 1136 2009 ε’ίη,
1172 1923 1247 1996 όάτε

243 2024 314 2112 ήτις
331 2034 359 2111 7,)
383 2035 546 2118 ἐντέχνως
572 2031 659 2110 (πῶς
679 2027 744 2117 γὰρ
758 2034 819 2104 ,έκι
843 2040 914 2109 τοῖς
940 2024 1097 2109 ἀτάκτως
1112 2033 1246 2118 τέχνής)

242 2129 317 2203 ἀότε
344 2127 400 2214 ήτε
428 2134 461 2214 ἐξ
484 2135 735 2219 ἐνθουσιασμοῦ
757 2139 812 2204 καὶ
836 2135 995 2212 ἐπινοίας·
1027 2137 1080 2202 δεῖ
1100 2131 1166 2224 γάρ
1191 2139 1246 2200 καί

242 2238 393 2304 ἐνταῦθα
417 2231 596 2324 ὡρισμένον
618 2234 656 2303 τὸ
674 2241 791 2322 μέλλον
809 2239 902 2308 ε’ῖναι.
943 2240 1016 2310 Καὶ,
1034 2231 1166 2324 σώμασι
1186 2243 1246 2323 μὲν

240 2339 335 2408 ἔσται
370 2331 400 2420 4)
434 2332 629 2431 παρά·,τι”ιν,
650 2337 784 2427 ἀτόμων
818 2336 954 2429 πάσχειν
990 2343 1245 2426 κληττομενοις.

240 2433 323 2533 άπερ
338 2439 382 2510 ἀν
402 2445 519 2517 ἐκεῖναι
541 2447 686 2536 φέρωσιν
703 2438 908 2529 ἐξάνάγκης,
930 2441 973 2510 τά
989 2446 1025 2512 δέ
1042 2442 1153 2537 φιήῆς
1163 2441 1245 2531 ἔργα

145 2547 147 2561 “
240 2551 296 2614 καί
326 2542 426 2629 ττάθη
455 2546 522 2616 τίσι
553 2542 698 2665 κινήσεσι
726 2549 791 2616 τῶν
821 2542 953 2634 ἀτόμων
978 2540 1146 2626 ἀναθήσει
1172 2567 1246 2626 τεςς

239 2653 319 2718 ποία
341 2648 405 2740 γάρ
430 2645 575 2736 πληγήή
596 2644 683 2716 κάτω
705 2653 906 2742 φερομένης,
934 2644 955 2731 ἢ
983 2645 1127 2718 ὁπουοῦν
1143 2671 1245 2740 τερος·

239 2748 441 2872 κρατούσης,
477 2754 510 2822 έν
539 2757 710 2839 λογισμοῖς
734 2748 920 2876 τοιοῐςδεή
952 2747 1073 2876 ὁρμαῖς
1099 2754 1245 2830 τοιαῖςιῖε

239 2851 260 2980 6
280 2849 431 2935 νοήσεσιν
456 2852 535 2936 ⁵)
514 2883 535 2936 νγ
557 2851 729 2938 ποιήσεσιν
760 2853 958 2942 ἀναγκαίαις
986 2858 1069 2924 ε’ῖναι
1103 2851 1125 2936 6
1160 2847 1244 2932 ὅλως

239 2955 321 3025 όῖναι
344 2955 391 3038 ⁶3)
417 2948 522 3026 Ὅταν
553 2963 589 3026 δὲ
618 2956 698 3040 ὁή
683 2961 873 3027 εναντιῶται
893 2954 985 3048 ψυχή
1006 2962 1077 3036 τοῖς
1098 2959 1158 3024 τοῦ
1178 2952 1243 3026 σώ-

238 3084 344 3148 ματος
375 3055 576 3146 παθήμασι,
612 3059 700 3138 κατά
733 3061 831 3139 ποίας
857 3064 893 3128 δὲ
921 3055 1032 3152 φοράς
1060 3054 1195 3146 ἀτόμων
1222 3053 1242 3126 6

238 3171 298 3251 μὲν
318 3158 533 3290 γεωμετρικὸς
553 3158 853 3248 ἀναγκασθήσεται
880 3165 981 3244 ε’ῖναι,
1017 3156 1037 3228 6
1065 3164 1116 3230 δὲ,
1134 3158 1244 3253 ἀριθ-

238 3262 377 3387 μντικήν
403 3270 460 3337 καί
486 3261 710 3384 ἀστρονομίαν
737 3269 979 3346 εἰιισκέτττεται,
1020 3259 1041 3332 6
1067 3266 1105 3334 δὲ
1111 3260 1242 3386 σοφός

238 3369 333 3440 ἔσται
348 3370 406 3452 ,7);
433 3360 607 3450 Ἥλιος
569 3394 634 3460 γαρ
657 3363 695 3437 τὸ
715 3363 873 3492 ήμέτερον
893 3368 988 3488 ἔργον
1009 3373 1064 3436 καὶ
1084 3363 1125 3434 τὸ
1145 3363 1240 3451 ζείοις

239 3475 323 3544 εῖναι
340 3468 554 3578 ἀετολεῖται,
596 3475 784 3562 φερομένων
828 3461 848 3565 6
883 3469 926 3541 τοί
966 3468 1105 3557 νάματα
1146 3466 1238 3554 ἀγει,

239 3549 437 3644 ὠθοῦντα
419 3577 527 3662 ήμᾶς,
563 3567 666 3662 ἀςντερ
685 3571 806 3664 ἀψυχα
827 3568 974 3661 σώματα.
1023 3569 1113 3644 '1'6
1093 3567 1180 3642 αντά
1200 3575 1238 3642 δέ

239 3678 344 3775 ταῦτα
365 3682 420 3743 καὶ
441 3673 524 3765 πρὸς
545 3674 622 3756 τοὺς
642 3680 736 3766 ἓτερμ
758 3673 897 3765 σώματα
918 3672 1010 3746 ἀίτια
1031 3679 1094 3744 τῶν
1107 3671 1239 3746 πάντων

239 3783 453 3868 τιθεμένους,
481 3783 536 3846 καί
558 3771 610 3848 ὅτι
633 3782 826 3866 θερμαίνειν
845 3787 906 3864 μὲν
926 3785 981 3845 καὶ
1003 3775 1120 3868 ψύχειν
1141 3773 1236 3896 ἡμᾶς,

237 3887 292 3953 καί
328 3883 483 3978 φθείρειν
524 3884 559 3950 δέ
599 3879 643 3950 τά
656 3867 907 3972 ἀσθενέστερα
945 3877 1084 3950 δύναται
1122 3883 1237 3952 ταῦτα.
