2754 4510
593 659 746 726 Summa
778 657 965 746 Capitum

440 795 1110 916 PLOT1N1DEFATO

407 957 474 1072 (na
502 989 626 1043 aeteram
645 989 782 1044 Maneat
807 991 899 1045 nectar
926 991 1018 1044 narrt.
1045 986 1151 1061 asso.)

671 1173 865 1190 Μ

278 1309 310 1372 1.
352 1305 427 1372 Alia
447 1315 541 1383 sunt,
580 1305 640 1370 alia
666 1305 758 1368 liunt.
813 1305 903 1385 Quae
923 1304 1003 1369 fiunt
1024 1327 1043 1370 a
1064 1327 1160 1370 causa
1179 1305 1279 1372 fiunt:

363 1432 400 1473 ac
419 1420 547 1492 praeter
568 1429 676 1471 causas
688 1401 893 1492 propinquas
915 1429 1009 1494 saepe
1023 1410 1215 1475 remotiores
1231 1411 1280 1475 in-

306 1553 308 1558 .
362 1510 519 1598 vestigare
545 1509 774 1607 compellimur.

279 1616 327 1680 11.
372 1605 454 1697 Quia
476 1634 586 1678 causae
615 1635 709 1728 saepe
739 1635 756 1676 e
781 1587 966 1698 propinquo
995 1613 1185 1680 sufficientes
1216 1638 1279 1681 non

363 1731 452 1795 sunt,
490 1718 563 1781 ideo
585 1717 764 1800 superiores
794 1737 905 1780 causae
925 1717 1128 1804 indagantur.
1188 1719 1280 1784 Unde

363 1822 501 1888 nascitur
523 1819 631 1906 opinio
654 1822 692 1885 de
714 1821 798 1886 Fato
819 1819 851 1883 in
874 1832 1011 1904 quatuor
1034 1819 1206 1886 sententias
1233 1823 1280 1888 di·

205 1977 210 1986 .
363 1928 509 1993 atributa.

279 2031 345 2097 111.
389 2033 503 2113 Neque
531 2027 605 2113 cogi
636 2047 738 2110 neque
768 2024 839 2089 fieri
873 2047 893 2114 a
924 1969 1117 2110 corporibus
1155 2027 1277 2104 omnia;

336 2153 465 2219 neque
487 2132 617 2206 Fatum,
648 2150 749 2212 neque
770 2128 970 2214 praesagium
990 2128 1063 2193 fore
1086 2130 1221 2217 aliquid,
1252 2133 1279 2196 si

283 2295 288 2316 ,
363 2233 517 2319 principia
538 2255 645 2295 rerum
658 2232 783 2297 ¹fuerint
804 2232 1031 2318 contingentia.

278 2341 344 2407 lv.
388 2339 463 2414 Non
486 2329 606 2403 essesin
627 2335 777 2398 universo
798 2347 918 2400 tantum
939 2358 1034 2400 unum
1056 2359 1168 2424 agens.

279 2443 327 2508 V.
371 2443 482 2525 Neque
504 2461 563 2503 nos
586 2461 604 2502 a
626 2438 714 2502 caelo
737 2438 931 2520 (sideribus)
952 2440 1040 2524 regi,
1078 2463 1182 2526 neque
1208 2465 1277 2508 αθ.

360 2559 429 2610 tera
450 2566 468 2608 a
490 2542 579 2606 caelo
600 2553 719 2605 tantum
741 2553 772 2605 et
792 2542 972 2607 necessario
992 2543 1076 2607 fieri.
1112 2625 1115 2628 Ι

279 2651 343 2715 vt.
388 2649 520 2734 Singula
540 2645 592 2709 hic
615 2666 632 2708 a
653 2644 772 2707 naturis
794 2645 936 2728 propriis
958 2646 1057 2731 magis
1080 2669 1174 2732 quam
1188 2651 1273 2714 caelo

258 2744 260 2756 '
360 2751 524 2834 propriam
539 2811 545 2824 ,
560 2749 592 2812 in
629 2748 832 2832 generatione
875 2747 1031 2831 accipiunt
1077 2751 1270 2834 qualitatem,

362 2853 503 2939 quamvis
526 2874 543 2914 a
565 2852 653 2918 caelo
675 2849 922 2938 significentur.¹

279 2957 362 3023 VII.
408 2955 471 3035 Qui
491 2955 697 3018 neeessariam
720 2973 826 3016 rerum
847 2953 960 3016 seriem
980 2953 1204 3034 introducunt,
1226 2957 1270 3022 in-

362 3057 558 3125 evitabiliter·
571 3055 695 3140 singula
715 3069 936 3141 peragentem,
975 3057 1122 3121 auferunt
1141 3071 1206 3123 tum
1225 3061 1270 3126 in·

361 3160 442 3224 funis
466 3159 729 3244 contingentiam,
758 3171 825 3222 turn
848 3159 979 3223 consilio
1000 3160 1189 3226 libertatem.

278 3267 380 3332 VIII.
425 3264 597 3345 Quomodo
627 3261 727 3326 anima
753 3261 793 3324 sit
821 3264 930 3325 subter
951 3263 1083 3340 Fatum,
1120 3263 1152 3328 in
1174 3267 1267 3346 Fato,

362 3371 420 3434 sub
442 3370 538 3432 Fato.

280 3475 345 3538 IX.
390 3471 562 3554 Quomodo
584 3457 685 3532 anima
706 3465 737 3531 in
760 3467 841 3531 Fato
870 3467 927 3546 sit,
965 3481 999 3532 ut
1026 3490 1136 3556 agens.
1192 3473 1265 3538 Item

364 3577 402 3637 de
425 3571 637 3660 contingentia
659 3593 777 3634 rerum.

275 3679 322 3745 X.
366 3678 488 3741 Natura
509 3674 723 3741 intellectualis
746 3673 812 3759 agit
833 3673 950 3752 libere,
974 3679 1030 3741 sed
1052 3677 1118 3747 eius
1140 3679 1261 3746 effectus

245 3867 247 3872 Ι
362 3779 530 3868 aliquando
551 3778 719 3863 impeditur
740 3777 771 3841 in
793 3776 927 3842 ratione.

601 3939 958 3966 ⁶⁸⁸⁸..—
