2754 4510
262 292 324 366 232
365 313 366 318 ’

162 489 167 500 ·
261 459 348 546 ἀυτὴ
375 446 546 532 δεσποτεία
587 451 659 551 ἀμα
693 459 751 528 666
783 456 915 528 δουλεία
946 455 1060 544 ἔσται’
1102 459 1133 530 6
1163 463 1204 530 δὲ
1234 457 1281 555 τιξί

260 565 431 657 ἀργεοθοιί
452 586 486 634 τε
515 569 571 632 καί
595 562 640 654 μὴ
667 559 820 686 ὁριεῖταί
828 587 880 644 τις
900 558 961 646 τήν
981 589 1016 632 τι
1041 565 1198 633 δουλείαν
1221 572 1280 634 καὶ
1355 559 1356 580 ³

260 668 471 758 ἐλευθερίαν,
508 664 547 736 06
577 663 680 757 μόνον
711 663 779 735 οὐκ
797 663 838 736 ἀν
860 661 1054 759 ἀνθρώπων
1083 664 1245 748 οὐδείς’
1228 671 1278 751 είη

260 767 453 862 ἐλεύθερος,
475 765 544 838 666
569 765 678 838 οιίδΗ
663 765 704 838 ἀν
724 771 816 838 θεῶν
838 765 939 850 ἀλλος
963 796 1030 853 τις,
1058 769 1145 854 πλὴν
1175 768 1278 854 Διός,

259 869 432 942 ἀλλωνὲ
392 881 453 961 μὲν
481 870 596 952 ἀλλοις
621 874 666 966 τῷ
693 869 864 964 ἀργεοθαι
889 869 1126 956 δουλευόντων,
1165 871 1277 943 ἀπάν-

260 1000 325 1043 των
343 971 414 1044 δ’
393 973 460 1044 απὸ
482 975 510 1058 8)
532 973 624 1046 θεῶν
641 967 884 1070 ἀρξαμένων
848 978 894 1044 τῶ
916 1001 1013 1069 κοινῳ
998 973 1178 1073 δεσπότῃ
1208 982 1277 1046 Διΐ.

262 1073 308 1146 06
329 1075 415 1168 μέντ
439 1075 481 1148 ίίυ
502 1075 650 1149 δεινον
624 1105 644 1148 τ
674 1081 722 1163 ἐίη
743 1080 863 1199 τοῦτον
879 1076 937 1148 τὸν
942 1074 1079 1201 τρόπον
1096 1109 1117 1163 η
1106 1075 1275 1150 δουλεία

257 1177 439 1303 καθάπαξ,
475 1177 552 1270 οὐδὲ
537 1178 736 1276 ὲφευκτόν
773 1185 803 1250 ἐι
823 1178 888 1275 γάρ
912 1179 959 1282 66
986 1179 1113 1276 ἀγαθῷ
1127 1186 1274 1256 δουλεία

257 1281 296 1356 66
316 1280 420 1372 μόνον
444 1281 484 1353 οά
509 1284 632 1364 δεινὸν,
654 1281 740 1355 ἀλλά
760 1289 816 1360 καί
840 1249 1004 1381 λυοιτίλές
1028 1311 1062 1360 τι
1086 1290 1146 1362 666
1173 1291 1274 1382 φίλον

257 1391 313 1453 καί
335 1387 381 1454 τῶ
404 1382 495 1484 6666
520 1380 710 1456 δουλείουτι
738 1377 936 1482 (οὐδὲνγὰρ
965 1384 1006 1457 ἀν
1027 1385 1164 1456 ἀλλο
1141 1417 1163 1472 η
1188 1387 1273 1478 ἀγα·
1355 1463 1356 1466 ,

257 1486 329 1609 θὸγ
360 1455 560 1609 660666666'
585 1515 652 1580 τις,
687 1487 849 1560 δουλεύων
878 1487 1028 1622 ἀγαθοῦ.
1080 1487 1132 1561 Ει
1166 1488 1197 1562 δ
1233 1491 1271 1562 66

256 1587 361 1718 ταότη
391 1617 442 1671 τις
464 1587 604 1685 ὁριεῖται
624 1595 776 1663 δουλείαν
801 1599 914 1663 τεκαὶ
939 1595 1156 1687 ἐλευθερίαν,
1198 1590 1268 1666 ἀλλ’

254 1695 355 1788 ἐκείνῃ
385 1697 563 1784 μάλλον,
578 1699 626 1797 66
648 1693 886 1766 666666666'*
865 1726 885 1786 η
906 1696 952 1821 γιίγ
977 1695 1175 1768 κωλόεοθαί
1194 1726 1269 1772 τινα

252 1799 311 1880 ζῆν
333 1794 412 1881 ⁹)
389 1827 433 1878 ως
455 1766 630 1891 βούλεταί,
660 1796 817 1921 βούλοιτο
845 1797 918 1870 δ”
896 1827 937 1870 αν
953 1803 1019 1881 πάς
1036 1827 1088 1881 τις
1111 1797 1269 1896 πράττων

253 1926 289 1976 τε
318 1904 353 1970 6²6
382 1908 437 1970 666
465 1905 686 2030 ἐυδαιγιονεῖν,
730 1896 832 2025 ἀπρις
840 1901 951 2024 666
928 1930 970 1978 αν
1003 1901 1021 1972 6
1053 1906 1090 1980 66
1112 1902 1267 2034 πράττων

254 2000 316 2074 κάν
338 2003 555 2097 ἐλεύθερος
539 2009 603 2088 66,
639 2003 682 2081 ἄν
706 2031 740 2074 τε
765 2003 962 2098 ἀργόιιενος,
999 2004 1042 2076 ἀν
1064 2033 1099 2076 τε
1126 2005 1266 2096 μὴ,ευ

252 2103 406 2226 πράττων
427 2103 586 2201 τυγχάνῃ
617 2102 660 2186 ὡς
681 2105 746 2230 γάρ
767 2105 965 2196 βοόλεταιζ
964 2106 1011 2211 66
1036 2106 1095 2182 ἀν
1143 2113 1266 2234 K6663

93 2284 97 2296 ¹
157 2243 158 2248 ¹
252 2213 289 2286 δὲ
316 2207 469 2302 πράττων
496 2236 547 2288 τις
580 2207 646 2278 οότ
681 2207 723 2280 66
752 2207 796 2292 ὡς
826 2179 1004 2297 βούλοιτό
1013 2210 1097 2306 ζῴη,
1134 2211 1201 2282 οὐτ’
1224 2211 1264 2284 ἀν

252 2307 431 2404 ἐλεύθερος
453 2307 610 2436 66666''
583 2340 650 2396 ειη,
680 2317 790 2434 γιακῶς
814 2319 850 2384 δὲ
878 2311 1034 2408 πράττειν
1059 2312 1264 2408 ἀνθρώπους

251 2412 311 2485 οὐκ
345 2411 429 2512 άλλη
476 2412 563 2500 ἀνῆ
590 2414 712 2496 κακοὺς
732 2413 910 2505 γεγονότας
935 2421 996 2502 ¹⁰6·
1031 2411 1108 2506 ίίςτε
1130 2415 1247 2488 οὐδ’
1223 2446 1265 2490 αν

253 2515 356 2598 κακὸς
385 2487 575 2612 ἀνθρώπων
602 2515 707 2599 οὐδεὶς
732 2517 924 2608 βούλοιτ’
909 2516 951 2589 ἀν
965 2521 1152 2608 γίνεσθαι,
1197 2523 1262 2642 ίίγε

227 2681 230 2688 .
250 2619 291 2708 δη
316 2627 420 2744 μηδὲ
415 2623 528 2702 κακῶς
553 2619 594 2691 ἀν
614 2619 754 2716 πράξαι
787 2619 899 2698 ἀλλ”
876 2648 1020 2704 ακοντας
1041 2623 1163 2704 κακοὺς
1183 2623 1261 2706 τοὺς

249 2723 372 2805 καινοὺς
390 2727 554 2852 γίνεσθαι
578 2721 882 2826 ἕξαγιαρτάνονταςθ
906 2722 1043 2798 οὐδ”
1020 2753 1062 2799 αν
1084 2723 1260 2822 ἐλεύθερον

159 2853 161 2856 ·
249 2829 359 2896 κακῶν
383 2831 467 2895 ε’ῐναι
492 2824 626 2911 οάδίνα,
662 2821 800 2909 τοὺςδὲ
829 2826 952 2920 καλούς
975 2853 1009 2898 τε
1033 2826 1157 2920 μόνους
1173 2828 1258 2918 ἀγα-

248 2925 351 3008 θοός.
398 2927 486 3008 Τοίς
508 2934 544 2998 δὲ
569 2929 674 3011 θεοὺς
696 2929 891 3018 κολάζειν
868 2959 926 3015 αν,
964 2931 1024 3001 666
1048 2929 1131 3010 ἀυτὸ
1157 2936 1253 3005 τοῦτο

250 3030 290 3102 τὸ
309 3034 401 3112 τέλος
420 3029 543 3136 δηττου,
579 3029 655 3120 τόγε
683 3032 832 3126 κολάζειν
857 3039 1089 3125 ποιουμένους,
1120 3031 1254 3106 οάδέιί

249 3133 353 3210 ἀυτοῦ
375 3139 683 3263 καταστρέφοντας,
721 3135 808 3214 ἀλλά
839 3135 882 3212 τά
910 3135 1190 3262 6666666666
1161 3143 1255 3214 ἐποιν-

249 3242 463 3331 ορθοάντας·
506 3240 572 3306 ἐπεὶ
592 3236 657 3336 γάρ
686 3235 745 3329 οὐχ
771 3237 842 3309 ὁῐόν
867 3268 901 3310 τε
925 3268 966 3326 ην
988 3271 1034 3330 μη
1056 3238 1255 3366 666666666

249 3339 379 3422 πάντας
397 3340 455 3410 τὸν
476 3338 686 3440 ἀνθρωπον
703 3339 853 3412 τοιοῦτόν
873 3369 948 3420 τινα
965 3342 1144 3469 γεγονότα,
1166 3346 1253 3422 ἔατε

248 3447 351 3542 θείας
371 3452 427 3513 666
445 3440 599 3566 ἐπίκηρον
620 3441 750 3538 φύσεως
775 3437 950 3568 σύνθετον,
987 3443 1076 3526 6166
1096 3445 1217 3518 ἔδοτ’
1180 3474 1252 3519 τοτε

248 3543 352 3646 μὲν
326 3572 400 3668 66,
420 3545 509 3625 κατά
528 3546 567 3623 τὸ
589 3553 687 3620 θεῖον
707 3545 746 3625 τὸ,
768 3552 804 3628 ἐν
823 3545 913 3655 6666
940 3553 991 3623 ἐπὶ
1005 3549 1072 3638 τὴν
1093 3553 1153 3626 τοῦ
1174 3575 1250 3639 6qu

246 3651 359 3774 γενοῦς
381 3646 590 3770 666666'666
611 3648 788 3774 ἀγόγιεγοιγ,
825 3655 860 3726 6'6
882 3679 929 3730 τε
926 3650 1092 3748 ’πράττειν
1112 3660 1169 3724 καὶ
1187 3682 1251 3744 66

246 3754 367 3852 καρίως
388 3755 475 3847 ζγγν
495 3751 568 3825 τότε
590 3748 685 3826 δ”
643 3784 685 3834 αυ
707 3754 771 3834 ὑπὸ
793 3758 853 3832 τοῦ
874 3760 1026 3852 θνητοῦ
1025 3761 1085 3826 τοῦ
1108 3754 1182 3825 ἐν’
1163 3761 1249 3851 6666

246 3825 523 3956 6666666666‚
560 3860 674 3960 ἑτέρως
704 3857 746 3940 6
778 3855 948 3962 πράττειν,
980 3858 1147 3959 βοήθειάν
1176 3829 1249 3942 τινίι
