2694 4508
1066 325 1106 390 27

88 507 169 554 casu
195 484 295 563 lieri,
333 485 399 552 eins
426 483 474 550 rei
502 503 627 550 causam
657 487 751 552 debet
782 507 947 572 quaerere.
999 491 1107 573 Quare

90 613 154 656 uec
174 591 295 656 medici
327 589 374 654 sic
399 590 591 674 loquuntur,
630 573 751 654 etiamsi
779 613 890 656 causas
919 594 1107 660 morborum

92 695 200 760 adlrne
221 694 390 780 ignorant.
433 693 548 777 Neque
579 712 660 757 vero
686 691 748 758 ista
776 693 945 778 explicatio
973 699 1108 782 nominis

93 797 248 864 fortunae
270 796 334 861 illis
356 795 641 884 rebusconvenit,
665 816 743 879 quas
766 819 875 862 omncs
896 799 982 864 sorte
1003 801 1109 866 sortu-

95 923 138 967 ιιι
159 901 250 966 aium
273 900 423 976 evenire,
458 901 515 964 sed
543 898 651 982 potius
671 898 709 963 iis
731 901 959 983 quaslortuna
980 904 1109 971 evenire

95 1027 192 1072 mmo
216 1001 350 1068 dixerit.
393 1004 477 1066 Nam
498 1001 695 1068 inventiones
716 1002 856 1066 thesauri
877 1016 909 1067 et
929 1007 1111 1088 perceptio·

95 1130 152 1174 nes
175 1106 278 1172 debiti
299 1109 417 1170 causae
434 1128 499 1172 non
521 1107 767 1170 sunthumanae
787 1105 905 1170 rationi
918 1107 1110 1195 incognitae.

97 1208 302 1278 inventionis
327 1207 410 1272 enim
431 1231 524 1274 carisa
544 1207 605 1272 tuit
626 1208 756 1287 fodere,
789 1211 1004 1294 perceptionis
1027 1233 1107 1278 vero

97 1311 260 1400 progredi
285 1312 318 1376 in
346 1311 467 1376 sorum.
516 1315 600 1378 Nam
620 1333 723 1396 neque
744 1311 797 1378 ille
819 1316 1001 1378 thesaurum
1021 1315 1112 1381 inve·

102 1416 219 1494 nisset,
243 1415 303 1480 nisi
324 1413 481 1491 fodisset,
510 1436 613 1499 neque
636 1417 715 1480 alter
735 1418 931 1500 percepisset
953 1420 1111 1497 debitum,

102 1519 163 1584 nisi
190 1519 224 1584 iu
252 1520 363 1584 iorum
383 1519 604 1600 processisset.
651 1519 714 1582 Sed
735 1521 808 1604 quia
828 1521 889 1586 ista
910 1543 973 1586 non
995 1522 1114 1606 priuci-

102 1623 219 1708 paliter
246 1621 317 1686 sive
347 1641 389 1684 ex
415 1621 562 1686 consulto
598 1642 691 1686 causa
726 1623 834 1688 talium
868 1625 977 1702 fuere,
1024 1639 1115 1692 erant

104 1727 185 1792 enim
206 1727 355 1790 actiones
376 1723 454 1788 istae
476 1736 640 1806 susceptae
662 1725 790 1792 alterius
813 1727 861 1790 rei
882 1728 1008 1813 gratia,
1041 1729 1115 1794 ideo

105 1830 188 1894 forte
209 1830 350 1894 {emuna
369 1825 439 1891 fieri
460 1827 534 1890 talia
555 1831 740 1891 creduntur.
791 1830 838 1894 At
859 1832 985 1894 occulta
1007 1833 1117 1894 huma·

106 1955 161 1998 nae
183 1931 306 1998 rationi
327 1930 381 2004 illa
402 1929 527 2012 potius,
563 1951 643 2014 quae
671 1951 731 2013 per
758 1933 932 1996 naturalem
965 1932 1117 1998 dissiden·
1194 1979 1198 1988 .

107 2035 178 2100 tiam
200 2033 436 2118 (antipathiam)
459 2034 629 2096 credrmtur
643 2032 731 2111 lieri,
756 2035 837 2096 utin
853 2034 1013 2112 ammaus,
1038 2058 1119 2120 quae

107 2151 324 2223 muniantur,
351 2158 527 2220 quanquam
548 2135 652 2210 nrrlla,
677 2147 730 2199 arnt
751 2149 838 2202 certe
859 2137 945 2200 nulla
965 2139 1120 2220 probabi·

108 2244 147 2308 lis
168 2241 291 2308 adferri
312 2239 417 2323 possit
438 2239 521 2303 ratio
543 2259 601 2301 cur
621 2238 654 2302 id
674 2238 798 2302 efficere
820 2243 1008 2320 creduntur,
1044 2242 1119 2306 item

111 2348 144 2412 in
172 2344 305 2431 magicis
336 2341 546 2418 carminibus,
591 2352 623 2404 ct
650 2341 678 2404 si
706 2363 787 2426 quae
819 2355 892 2406 sunt
919 2344 967 2408 his
981 2345 1119 2410 similia.
1224 2379 1225 2382 ι

113 2451 234 2516 Omnes
255 2447 340 2511 enim
353 2446 499 2509 ¹fatentur
519 2443 626 2508 talium
647 2444 780 2508 latentes
802 2467 873 2508 esse
888 2468 1015 2524 causas,
1030 2451 1122 2522 ⁴rrnde

112 2566 143 2620 et
164 2552 241 2616 talia
272 2548 477 2614 incausabilia
507 2545 569 2610 dici
596 2546 713 2610 solent.
779 2549 883 2612 Nemo
912 2561 1014 2614 tamen
1043 2552 1123 2614 haec

111 2658 198 2722 tone
219 2655 355 2719 fortuna
375 2651 444 2714 lieri
466 2651 557 2728 dicit,
593 2672 664 2713 cum
688 2658 818 2714 certain
829 2651 963 2734 aliquam
985 2655 1124 2743 habeant

113 2781 270 2824 causam:
316 2758 398 2818 unde
427 2766 558 2836 apparet
585 2750 733 2817 fortunae
767 2775 847 2838 quae
879 2756 1121 2835 adscribuntur,

114 2859 305 2928 eiadscribi
326 2879 391 2922 non
420 2860 507 2940 quod
536 2877 629 2918 causa
657 2857 773 2933 lateat,
807 2861 864 2922 sed
893 2863 980 2943 quod
1008 2863 1124 2926 nullam

113 2969 231 3032 habent
260 2983 388 3026 cainam
422 2959 555 3043 proprie
588 2957 702 3022 dictam
741 2971 772 3023 et
810 2961 1027 3046 principaliter
1061 2966 1126 3029 hoc

113 3080 275 3154 agentem.

183 3379 227 3444 Et
248 3375 325 3442 talia
346 3371 473 3457 quidem
495 3385 585 3450 sunt,
617 3395 697 3458 quac
720 3379 759 3440 de
780 3375 908 3440 fortuna
935 3373 981 3438 illi
1009 3375 1126 3452 dicunt,

120 3495 152 3548 et
178 3483 224 3548 ita
253 3502 326 3544 cum
355 3473 393 3540 irs
422 3497 502 3560 quae
530 3477 592 3559 ipsi
620 3491 743 3560 ponunt
766 3476 997 3544 convenientia.
1042 3479 1131 3544 'l'olli
1163 3469 1168 3492 ¹

122 3609 203 3652 vero
225 3585 267 3648 ab
289 3583 328 3648 iis
351 3578 407 3663 qui
427 3591 538 3643 curma
560 3581 738 3648 necessario
761 3581 867 3644 dicunt
893 3581 966 3645 lieri
983 3583 1016 3648 id
1037 3605 1131 3648 omne

123 3694 210 3776 quod
240 3705 360 3768 anceps
389 3694 523 3748 vocatur
555 3695 586 3746 et
614 3683 646 3748 in
680 3683 833 3748 utramvis
866 3697 988 3767 partem
1019 3688 1131 3749 cadere

120 3802 218 3883 po'sse
240 3790 375 3864 dicitur,
398 3785 491 3850 facilc
513 3785 692 3870 apparebit,
719 3785 770 3848 vel
794 3807 917 3864 exeo,
948 3791 1035 3872 quod
1053 3807 1133 3870 pro·

124 3897 194 3980 prie
216 3891 367 3978 ancipitia
390 3889 551 3968 dicuntur,
585 3890 616 3954 in
646 3889 761 3974 quibus
792 3892 896 3958 locum
924 3893 1020 3956 habet
1038 3912 1133 3973 posse
