2754 4510
270 299 334 392 πο

272 493 346 535 cu».

270 561 444 640 XXVIII.
488 568 658 636 Hominem
681 570 818 636 omnium
838 591 907 637 esse
928 571 1105 636 animalium
1135 573 1283 642 miserri-
1353 587 1354 676 l

292 736 296 744 .
397 697 500 752 mum,
524 672 676 760 siquidem
694 674 792 739 malus
810 696 851 740 ex
870 674 1056 740 necessitate
1072 674 1126 739 sit.
1177 723 1180 728 -
1288 745 1297 752 ,

270 780 408 847 XXIX.
451 778 619 870 Posterior
634 778 813 861 responsio.
857 779 1052 856 Aetnaeos,
1078 778 1200 863 quiex
1221 781 1281 844 ha·

398 883 515 948 bitibus
537 882 656 959 fluunt,
686 903 811 947 manere
833 883 865 946 in
885 894 1057 965 potestate.

273 988 392 1055 XXX.
435 987 490 1050 Ex
510 984 572 1049 Dei
589 983 795 1068 praescientia
815 1009 879 1050 non
897 987 1043 1050 concludi
1059 986 1280 1052 necessitatem
1354 1039 1355 1044 ,

400 1102 589 1164 eventuum
611 1090 730 1173 quippe
744 1083 975 1176 contingentia,
999 1090 1027 1154 si
1043 1091 1277 1175 praesciantur,

279 1257 283 1262 .
366 1221 369 1228 ·
399 1193 567 1278 praenosci
598 1204 633 1255 ut
661 1193 891 1279 contingentia,
930 1215 995 1260 non
1023 1205 1058 1257 ut
1094 1194 1279 1259 necessario

398 1297 517 1362 sumre.

273 1403 410 1470 XXXI.
455 1399 613 1465 Vaticinia
635 1411 666 1464 et
688 1401 816 1464 oracula
833 1422 942 1464 causas
963 1421 1031 1465 esse
1046 1421 1173 1477 eorum,
1199 1423 1280 1485 quac

399 1503 615 1589 praedixerint
636 1504 761 1580 sutum,
791 1506 926 1568 absurde
949 1517 980 1568 et
1002 1504 1098 1586 impie
1116 1505 1278 1568 statuitur.

275 1593 431 1676 XXXII.
474 1607 661 1671 Revertitur
693 1610 733 1673 ad
766 1611 1005 1691 praecedentem
1043 1607 1277 1684 obtectionem,

349 1697 353 1705 ⁵
403 1726 434 1778 et
454 1711 629 1794 repetit·ad
649 1712 886 1794 responsionem
907 1711 1075 1793 duplicem.
1294 1704 1298 1722 '

140 1833 168 1878 '.
277 1819 449 1888 XXXIII.
493 1815 668 1900 Regeritur
696 1815 904 1879 asserentibus
937 1815 1117 1880 libertatem
1142 1833 1185 1880 ex
1210 1835 1280 1878 mo-
1317 1877 1320 1886 ,

403 1924 490 1987 tione
505 1919 681 1984 animalium
694 1922 863 1982 secumdum
871 1917 1058 2001 appetitum.
1081 1919 1159 1983 Non
1172 1939 1276 1994 omne,

404 2028 489 2110 quod
505 2045 545 2086 ex
561 2021 701 2104 appetitu
715 2023 768 2099 fit,
794 2043 861 2088 esse
876 2023 907 2084 in
925 2032 1084 2104 potestate
1098 2032 1222 2086 nostra.

275 2131 446 2195 XXXIV.
490 2123 648 2189 Peccandi
681 2138 712 2188 et
739 2136 826 2189 recto
856 2126 990 2212 agendi,
1032 2125 1116 2188 unde
1148 2123 1216 2188 laus
1248 2136 1280 2186 et

403 2229 611 2312 vituperium,
661 2229 825 2312 supplicia
838 2221 879 2292 'et
906 2226 1063 2312 praemia,
1105 2225 1280 2292 ostenditur

403 2355 484 2420 qnae
506 2332 545 2396 sit
567 2353 642 2397 vera
664 2333 761 2400 ratio.

251 2442 253 2446 ’
279 2442 432 2513 XXXV.
476 2437 584 2502 Sorite
608 2437 765 2513 adhibito,
804 2432 941 2522 arguunt
968 2431 1142 2499 adversarii
1174 2431 1278 2516 posito

405 2546 488 2609 Fato
510 2563 574 2606 non
595 2541 665 2604 tolli
688 2540 840 2622 supplicia
861 2551 892 2602 et
914 2539 1034 2626 laudes.

244 2727 248 2736 ὓ
278 2650 447 2720 XXXVI.
492 2645 783 2729 interrogationum
805 2643 946 2706 cumulus
967 2640 1146 2717 excutitur,
1179 2639 1277 2704 diffla-

404 2765 456 2814 tur
488 2748 650 2845 inffimatis
693 2745 937 2831 consequentiis.
999 2747 1202 2812 Excusantur
1232 2743 1276 2808 in·

405 2855 519 2929 terim,
544 2853 570 2916 si
592 2855 674 2917 Fato
697 2851 800 2915 coacti
819 2849 863 2912 ita
886 2849 1052 2912 disserant.

281 2958 470 3029 XXXVII.
516 2956 627 3021 Altera
655 2953 884 3039 argumentatio
916 2973 957 3018 ex
993 2954 1100 3014 eadem
1124 2951 1275 3033 palaestra

249 3083 253 3086 ·
406 3059 560 3126 refellitur
582 3071 614 3120 et
630 3061 787 3140 probatur
808 3067 941 3129 contra,
975 3053 1084 3136 posito
1102 3053 1186 3122 Fato
1211 3052 1275 3118 tolli

405 3160 614 3248 prudentiam.

281 3269 488 3352 XXXVIII.
533 3263 690 3348 Epilogus
715 3275 744 3326 et
766 3262 836 3324 finis
859 3259 1177 3346 argumentationum.

284 3375 453 3445 XXXIX.
497 3366 683 3450 Alloquium
702 3368 739 3428 ad
755 3366 968 3448 Imperatores
984 3375 1015 3428 et
1029 3362 1191 3427 conclusio
1202 3385 1272 3445 ope·

408 3475 472 3551 ris,
496 3491 557 3557 qna
569 3465 710 3534 breviter
724 3467 844 3544 inuasit,
870 3475 1017 3552 quamam
1033 3465 1096 3529 vim
1112 3467 1223 3528 habeat
1236 3468 1274 3534 sd

410 3598 533 3645 omnem
552 3575 697 3654 virtutem
713 3570 894 3636 Aristotelis
913 3573 951 3634 de
967 3571 1050 3638 Fato
1073 3568 1195 3654 opinio.

599 3825 957 3851 cm
