2790 4512
1104 349 1164 446 ili
1219 381 1225 456 ζ

167 514 381 592 testimoninm
401 515 571 598 praebent,
595 533 654 580 nos
676 525 789 586 contra
810 527 918 608 erentes
941 539 982 590 ea
1004 515 1168 602 disciplinq

166 619 264 690 riivini
284 616 452 684 lamblicbi
482 618 621 692 diversas
652 617 842 704 cognitionis
872 635 1034 696 mensuras
1060 619 1168 690 distins

168 736 299 809 guentes
322 722 484 800 dicemus,
513 743 585 786 cnm
608 720 750 810 cognitio
771 722 907 796 melium
929 724 1005 808 quid
1026 724 1066 792 sit
1087 724 1168 803 inter

167 831 253 910 qnod
275 823 466 912 cognoscit,
499 837 532 888 et
554 826 642 909 quod
663 824 870 910 cognoscitur
897 829 959 907 (est
980 827 1062 907 enim
1084 828 1167 903 actio

163 929 388 1016 cognoscentis
426 927 511 1003 circa
544 927 578 1002 io
610 921 705 1012 qnod'
732 929 938 1013 cognoscitur
968 930 1050 994 sieut
1081 930 1164 1004 actio

166 1033 250 1098 visus
273 1044 322 1096 est
345 1031 429 1102 eirca
450 1030 574 1109 album)
608 1030 764 1112 interdum
792 1030 845 1094 illa
866 1031 976 1111 melius
999 1034 1168 1119 cognoscit

162 1136 195 1200 id
216 1137 304 1220 quod
326 1133 550 1219 cognoscitur,
589 1154 682 1221 quam
709 1145 757 1208 cst
777 1134 826 1212 rei
846 1139 1087 1228 cognoscentiae
1108 1159 1165 1205 nae
1209 1172 1213 1180 ·

163 1252 254 1316 tura,
279 1237 440 1310 'interdum
461 1236 569 1321 peius,
599 1236 754 1314 interdum
775 1237 931 1320 pariliter,
990 1239 1072 1320 Nam
1094 1262 1166 1316 cum

164 1351 299 1416 mentem
319 1353 461 1416 nostram
481 1361 535 1410 res
558 1339 665 1407 civiles
685 1352 874 1406 tractantem
896 1340 1025 1416 dicimus
1042 1365 1165 1430 eogno-

72 1469 75 1476 ·
111 1439 115 1444 ’
163 1465 254 1508 scere
285 1466 336 1508 res
369 1444 507 1530 singulas
537 1444 705 1512 referendo
738 1465 791 1507 eas
823 1447 863 1507 ad
890 1445 1096 1523 universalia,
1135 1457 1167 1524 et

161 1571 222 1633 per
242 1550 321 1612 haec
341 1560 377 1612 ut
397 1547 458 1612 sibi
477 1546 626 1630 proprias
647 1547 722 1610 istas
751 1547 819 1612 illas
841 1535 1024 1631 perspicere
1047 1541 1181 1638 conen-Q,

161 1655 227 1730 do,
266 1665 352 1716 certe
380 1651 434 1714 hic
460 1650 675 1737 cognitionem
697 1649 834 1729 dicemus
856 1670 924 1724 esse
945 1651 1107 1733 potiorem
1125 1675 1164 1729 re

143 1747 315 1843 'cognitu
349 1754 501 1839 siquidem
529 1754 691 1838 partibiles
721 1765 753 1828 et
780 1753 812 1830 in
841 1753 1013 1832 mutatione
1042 1755 1164 1837 positae

159 1879 214 1924 res
241 1857 402 1944 singulae:
444 1872 477 1936 at
508 1858 590 1936 ratio
625 1877 685 1939 per
717 1877 811 1940 quam
839 1877 925 1936 mens
959 1855 1062 1934 activa
1088 1857 1164 1936 istas

159 1961 284 2039 noscit,
307 1959 504 2044 impartibilis
526 1973 621 2045 atque
644 1958 856 2030 immutabilis.
900 1959 965 2036 Ubi
973 1949 1060 2038 'vcro
1074 1983 1161 2027 mens

158 2065 248 2142 inse
270 2085 449 2143 conversa,
483 2077 516 2129 et
537 2065 709 2142 secuudum
730 2063 863 2126 virtutes
886 2083 1021 2146 operans
1043 2086 1163 2151 purga·

157 2168 253 2242 trices
282 2189 371 2242 suam
399 2165 555 2251 conspicit
581 2167 802 2246 substantiam,
839 2177 915 2229 tunc
942 2166 1074 2249 parilem
1106 2190 1163 2232 ne·

158 2291 248 2334 cesse
270 2282 408 2342 estesse
429 2271 643 2356 cognitionem
665 2292 737 2346 cum
757 2291 798 2340 eo
827 2271 914 2354 quod
943 2271 1162 2356 cognoscitur,

159 2374 227 2447 Ubi
246 2393 326 2448 vero
352 2395 440 2448 mens
468 2377 576 2453 eadem
589 2376 754 2450 scandens
784 2375 823 2438 ad
854 2394 943 2449 suae.
958 2373 1163 2455 perfectionis

156 2477 340 2564 fastigium,
366 2490 398 2554 et
419 2477 678 2560 contemplativas
701 2477 834 2540 virtutes
854 2487 995 2554 tractans
1016 2478 1160 2559 speculae

157 2593 210 2643 tur
237 2602 275 2644 ea
306 2600 386 2666 qpae
417 2583 457 2644 ad
484 2580 605 2660 divinas
638 2578 883 2667 gubernationes
906 2575 1090 2660 pertinent,
1128 2588 1160 2644 et

158 2705 224 2768 quo
245 2687 341 2758 modo
362 2684 435 2764 illae
456 2705 566 2758 omnes
589 2705 630 2762 ex
650 2705 717 2748 uno
739 2681 897 2756 communi
919 2681 1057 2762 omnium
1071 2679 1159 2764 prin·¹
1211 2769 1214 2778 ‚

155 2785 242 2870 cipio
273 2791 472 2870 procedant,
510 2799 542 2866 et
570 2807 650 2872 qpae
679 2787 830 2870 citiusque
857 2785 1057 2874 proprietas,
1095 2795 1161 2856 tum

157 2909 285 2954 necesse
307 2902 357 2955 est
377 2890 594 2977 cognitionem
615 2889 807 2969 deteriorem
829 2909 898 2964 esse
927 2907 966 2963 eo
997 2889 1084 2972 quod
1105 2907 1162 2954 cos

157 2991 338 3078 gnoscimr.
395 2996 487 3070 Haec
508 3017 580 3064 cum
600 2994 644 3058 ita
665 3015 699 3058 se
728 2995 883 3069 babeant,
924 2990 1087 3056 dicendum
1114 3000 1163 3052 est

156 3093 246 3160 Deos
267 3117 363 3161 nosse
386 3098 511 3184 quidem
533 3097 638 3169 omnia
666 3117 746 3181 quae
777 3096 868 3159 luere
901 3107 933 3159 et
962 3114 1041 3177 quae
1070 3102 1160 3167 sunt,

155 3207 190 3274 εἴ
218 3217 298 3280 quite
325 3199 487 3266 imminent
515 3213 570 3276 aut
597 3211 751 3266 eventura
778 3211 868 3280 sunt,
908 3217 947 3259 eo
980 3195 1076 3274 quo
1106 3193 1161 3277 qui

157 3297 230 3362 Diis
249 3301 434 3379 conveniat,
472 3305 536 3377 hoc
563 3318 611 3369 est
630 3325 693 3380 una
714 3324 752 3364 ac
773 3299 899 3376 definita
920 3317 958 3360 ae
977 3295 1162 3376 immutabili

156 3393 354 3487 cognitione,
377 3407 458 3488 unde
480 3417 512 3469 et
533 3428 641 3470 remim
663 3402 843 3487 occipitium
867 3397 1081 3486 cognitionem
1103 3419 1160 3464 eos

153 3504 349 3594 complecti,
387 3509 497 3604 utqui
519 3510 624 3574 omnia
646 3529 726 3593 quae
748 3507 780 3570 in
802 3505 1043 3584 Mauricatim,
1081 3523 1160 3606 pros

153 3609 289 3688 clueant,
333 3622 367 3684 et
402 3633 512 3688 cerum
544 3624 744 3690 aeternarum
781 3607 892 3686 opicae
927 3605 990 3682 sint
1027 3625 1157 3694 causae,

154 3731 268 3786 eorum
297 3734 378 3777 vero
411 3727 492 3800 quae
522 3713 695 3802 gignuntur
724 3731 835 3786 causae
858 3708 1057 3773 adiuta-ines
1046 3729 1158 3772 securis

154 3817 230 3894 ditm
251 3817 401 3900 proprias
425 3817 538 3902 cuique
560 3839 671 3882 eorum
694 3814 912 3899 operationes,
951 3824 983 3875 et
1011 3823 1157 3895 tanquam

150 3919 209 4018 qui
231 3919 464 4020 introspectent
486 3942 557 4000 non«
570 3933 690 3984 tantum
718 3939 824 4000 rerum
851 3912 1064 3998 snbstantias,
1101 3913 1159 3994 §eti
1202 3941 1205 3946 ·
