2754 4510
1065 312 1142 378 tte-

111 507 191 552 ω.
366 527 368 532 ,
1053 517 1056 523 ·

111 593 184 658 XI.
227 587 353 655 Deinde
370 588 458 673 quod
475 583 585 652 inutile
603 586 714 650 reddat
731 583 908 650 consilium.
952 586 1035 666 (cum
1051 587 1118 652 Na-

243 689 634 771 mffimm’
1195 711 1198 716 ·

113 797 202 864 XII.
246 797 301 863 Ao
320 793 455 879 proinde
480 793 559 858 nihil
580 793 613 856 in
637 803 794 877 potestate
814 806 925 880 nostra
944 794 1118 881 relinquat:

247 899 303 964 ubi
323 897 477 962 indicatur
494 896 586 960 simul
603 896 777 962 cuiusmodi
798 896 840 962 sit
853 897 981 963 arbitrii
997 901 1125 964 humani

244 1014 400 1087 potestas.

115 1107 221 1176 XIII.
266 1103 589 1171 Contrasentientium
624 1101 732 1186 opinio
770 1106 809 1167 de
845 1103 948 1170 libero
981 1104 1113 1171 arbitrio

245 1207 452 1293 proponitur.
758 1211 762 1227 “

117 1313 223 1378 XIV.
265 1311 478 1394 Expenditur.

117 1416 206 1482 XV.
248 1414 387 1482 Ulterius
418 1414 586 1478 refutatur.
651 1412 721 1478 Neo
748 1413 781 1478 id
811 1413 877 1478 sine
908 1435 1002 1481 causa
1028 1413 1116 1493 lieri,

249 1518 335 1582 ouius
352 1518 421 1600 ipse
440 1517 538 1581 homo
562 1537 656 1580 cansa
676 1516 729 1580 sit.

120 1621 222 1690 XVI.
266 1621 473 1686 Incommode
488 1640 591 1702 porro
608 1617 699 1684 huius
717 1620 901 1685 sententiae.
922 1621 1027 1702 ¹Quod
1043 1643 1118 1706 per-

248 1735 352 1789 vertat
372 1744 497 1788 omnem
518 1721 628 1786 vitam.

120 1827 243 1894 XVII·
279 1825 1119 1908 QuodProvidentiametvatioiniommnsumauferat.

121 1929 263 1998 XVIII.
306 1929 360 1994 Aa
381 1927 544 1994 homines:
581 1928 770 2011 Reyineitur
801 1931 840 1994 ab
872 1929 949 2014 ipsis
979 1933 1121 2014 patronis

249 2034 313 2098 hoo
334 2035 462 2119 dogma.

125 2138 226 2204 XIX.
270 2137 434 2204 Probatur
449 2135 594 2220 deinceps
611 2157 670 2204 uos
685 2156 754 2200 esse
767 2135 925 2202 actionum
941 2149 1121 2204 nostrarum

253 2239 397 2304 domnos
426 2261 467 2304 ex
490 2240 601 2322 poenis
635 2240 709 2325 lege
742 2241 941 2319 constitutis,
990 2263 1121 2326 quarum

251 2343 373 2407 veniam
393 2342 524 2408 facimus
546 2341 756 2408 involuntarie
777 2343 991 2426 peccantibus.

125 2447 209 2514 XX.
252 2448 393 2512 Rursum
412 2447 475 2531 ipsi
502 2459 675 2513 assertores
698 2445 770 2510 Fati
794 2445 883 2509 aliter
906 2459 1004 2532 agunt
1029 2437 1121 2533 quam

252 2550 407 2616 sentiunt:
430 2551 463 2616 id
483 2563 530 2616 est
544 2550 661 2626 libere,
683 2560 716 2612 et
729 2568 794 2614 non
808 2558 956 2633 tanquam
971 2571 1011 2612 ex
1026 2553 1121 2618 Fato.

126 2654 226 2721 XXI.
269 2653 423 2730 Domum,
461 2666 532 2718 utra
559 2652 668 2736 opinio
694 2651 775 2717 falsa
800 2651 857 2728 sit,
893 2673 934 2715 ex
954 2653 1013 2716 hae
1033 2668 1124 2737 parte

251 2757 348 2822 tutius
370 2756 580 2822 enarrabitur.
829 2801 853 2855 0

128 2859 246 2926 XXII.
291 2859 477 2941 Explicatur
498 2857 752 2922 adversariorum
773 2858 926 2924 sententia
948 2862 986 2926 de
1006 2863 1102 2929 Fato.

129 2963 265 3032 XXIII.
308 2961 427 3026 Fatalis
454 2973 563 3024 eatena
585 2959 739 3025 solvitur:
777 2961 967 3028 Absurditas
992 2986 1122 3044 eorum,

253 3077 285 3128 et
306 3063 488 3150 confugium
510 3067 550 3128 ad
571 3085 678 3128 ostreas
700 3064 889 3150 incognitas.

128 3169 262 3235 XXIV.
306 3168 429 3232 Eorum
451 3171 566 3250 (μηδὲν
579 3163 741 3248 ἀναίτιον)
763 3169 887 3232 defendi
904 3181 1009 3251 potest
1031 3169 1123 3234 etiam

255 3271 372 3347 abiis,
396 3270 636 3354 quiuobiseum
657 3269 806 3334 sentiunt.
863 3331 869 3362 ι

128 3374 247 3442 XXV.
290 3373 382 3438 Ordo
394 3385 425 3436 et
436 3372 623 3438 continuitas
634 3395 697 3436 non
712 3372 807 3437 infert
819 3371 1046 3451 camelitatem
1068 3380 1124 3440 sed

256 3497 318 3542 non
330 3475 449 3542 ordinis
465 3474 662 3558 perttubatIo
682 3474 825 3538 dissolvit
842 3473 990 3540 unitatem
1006 3480 1124 3542 mundi.

130 3581 264 3648 XXVI.
294 3577 979 3662 Obieotioproponituradversuslibertatern
988 3579 1122 3642 arbitrii:

129 3683 280 3750 XXVII.
326 3681 506 3764 Responsio
529 3681 663 3762 duple13
695 3678 805 3763 prior,
839 3701 935 3762 penes
953 3703 1012 3745 nos
1032 3703 1118 3756 esse,

255 3796 289 3848 ut
310 3783 489 3868 sopiretur
517 3782 658 3862 babitus,
693 3783 869 3863 sonitem,
893 3796 929 3850 ut
950 3787 1125 3871 deponatur

256 3889 437 3974 acquisitus.
533 3911 542 3929 ·
