2790 4512
1027 381 1029 387 ι
1074 331 1132 433 its·

131 526 204 580 sunt
230 534 347 579 eorum
369 533 451 598 quae
473 521 683 596 generantur,
709 523 740 574 et
767 526 1035 596 corrumpuntur,
1057 515 1131 599 'qui-

133 607 192 684 bus
217 639 285 682 non
314 627 364 680 est
395 615 527 686 alterum
558 615 781 698 oppositorum
800 615 951 680 innatum.
1011 620 1131 682 Unum·

135 724 287 805 quodque
306 730 416 804 potest
435 717 582 802 opposita
599 718 665 802 pati
686 729 717 784 et
738 741 820 795 non,
858 719 960 783 idest
981 720 1140 808 contingit

135 825 201 907 pati
222 835 254 888 et
271 845 338 888 non
355 822 433 905 pati.
478 822 575 904 Quod
596 833 701 885 autern
719 821 873 908 contingit
891 823 1004 894 mutari
1020 825 1053 888 in
1074 846 1133 907 op-

135 926 285 1010 positum,
308 925 343 990 id
361 937 489 990 nonest
510 947 551 987 ex
568 925 765 1002 necessitate,
788 925 820 988 in
843 947 1032 1010 quocunque
1046 927 1134 1010 ipso·

135 1049 205 1092 rum
229 1030 320 1111 prius
338 1027 449 1093 fucrit.
492 1027 647 1091 Liberum
672 1027 771 1112 igitur
795 1027 959 1092 arbitrium
979 1051 1044 1092 non
1066 1051 1135 1094 orn·

135 1131 187 1196 nia
205 1131 399 1216 quaedum,
424 1143 456 1196 et
473 1130 656 1194 necessitate
674 1129 746 1193 fieri
762 1132 896 1214 probat;
918 1131 1039 1196 indicio
1052 1154 1135 1216 quo·
1215 1137 1216 1142 ’

136 1255 200 1320 qne
221 1247 275 1298 est
295 1234 426 1300 fortuna
447 1255 526 1317 quae
543 1231 779 1298 continuitatem
797 1255 925 1312 corum,
950 1256 1031 1318 quae
1052 1235 1135 1298 serie

138 1339 275 1422 quadarn
305 1337 375 1400 fieri
404 1336 571 1413 videntur,
609 1335 787 1400 rescindere
810 1349 929 1422 potest.
973 1338 1008 1402 Si
1038 1337 1136 1424 igitur
1198 1331 1199 1340 ¹

138 1440 218 1504 nihil
240 1439 341 1504 minus
372 1439 498 1504 evidens
524 1462 617 1524 quam
642 1439 773 1517 Fatum,
820 1441 936 1525 aliquid
961 1441 995 1506 in
1023 1453 1136 1507 nostro

139 1543 274 1608 arbitrio
296 1565 387 1620 csse,
419 1556 451 1606 et
475 1542 571 1606 inulta
597 1564 615 1605 a
638 1541 767 1606 fortuma
794 1556 832 1608 et·
846 1545 872 1608 a'
890 1566 964 1608 casu
980 1545 1068 1621 fieri,
1101 1531 1138 1610 'ct

136 1647 270 1712 ommno
297 1647 330 1711 in
358 1647 454 1710 rebus
477 1645 673 1732 generationi
694 1646 859 1723 obnoxiis,
897 1649 929 1712 in
951 1648 1063 1734 quibus
1089 1659 1137 1712 est

137 1751 277 1827 Fatum,
315 1771 384 1813 csse
406 1735 533 1834 quoque
560 1759 703 1812 nanuam
729 1748 957 1835 contingentis,
996 1772 1036 1815 eo
1057 1772 1137 1815 vero
1191 1785 1194 1792 ·

138 1853 211 1918 tolli
232 1852 467 1929 necessitatem,
490 1851 686 1935 impossibile
710 1851 810 1936 igitur
831 1864 879 1916 est
900 1865 937 1916 ut
952 1853 1065 1916 Fatum
1085 1841 1150 1916 res¹

140 1958 295 2042 qtraedam
316 1955 356 2018 sit
373 1956 558 2033 necessaria,
582 1967 614 2020 et
636 1975 730 2038 quam
750 1956 929 2040 transgredi
945 1955 1138 2039 impossibile

138 2059 191 2123 sit.
236 2058 339 2142 Atqui
362 2058 395 2121 in
420 2059 567 2122 confesso
593 2070 642 2122 est
663 2056 766 2122 omnia
788 2081 869 2144 quae
889 2062 1058 2124 secundum
1076 2059 1139 2124 Fa-

140 2175 206 2226 tum
226 2163 323 2238 fiunt,
362 2164 532 2224 secundum
551 2161 693 2226 ordinem
715 2166 870 2244 quendam
891 2175 922 2226 et
944 2185 1140 2247 consequen-

141 2265 216 2328 tiam
236 2267 391 2348 quandam
416 2265 508 2341 lieri',
543 2264 709 2328 etseriem
730 2268 884 2349 quandam
902 2268 1021 2331 habere
1049 2267 1081 2330 in
1105 2288 1140 2330 se

141 2367 230 2450 ipsis.
280 2369 356 2432 Non
386 2367 467 2430 enim
502 2390 553 2456 res
583 2359 745 2431 Fortunae
775 2369 889 2433 similes
916 2383 988 2434 sunt
1020 2369 1139 2434 eventis

142 2471 239 2554 ipsius
256 2472 346 2544 Fati;
379 2470 450 2533 illae
474 2472 555 2534 enirn
579 2471 738 2534 instabiles
760 2485 849 2548 sunt,
885 2485 916 2536 et
940 2495 1015 2538 raro
1042 2474 1137 2549 liunt,

143 2585 174 2638 et
203 2575 274 2639 icre
310 2575 378 2639 sine
409 2597 520 2649 causa3
552 2575 585 2638 id
610 2597 690 2638 vero
721 2578 808 2658 quod
834 2579 1004 2639 sectandum
1026 2577 1139 2638 Fatum

144 2691 213 2755 cst,
235 2689 338 2742 totum
354 2679 566 2741 contrariumz
590 2690 730 2741 catenam
743 2678 842 2763 igitur
856 2693 1020 2741 caricarum
1036 2678 1140 2759 ipsum

143 2802 213 2845 csse
234 2781 350 2844 dicunt.
397 2780 480 2860 Quin
501 2803 602 2865 neque
628 2781 711 2844 idem
736 2784 822 2864 quod
844 2802 979 2864 eaquae
1004 2803 1045 2845 cx
1061 2803 1140 2863 pro·

142 2884 250 2968 posito
272 2884 352 2946 fiunt
371 2884 485 2947 Fatum
503 2906 572 2948 esse
596 2883 739 2950 videtur:
757 2884 829 2947 ‘cius
852 2884 931 2947 enim
953 2885 1140 2949 continuitas

143 2985 275 3050 anobis
303 2997 336 3048 et
359 2998 473 3050 nostro
495 2985 663 3068 proposito
688 3009 914 3069 saepenumero
940 2991 1138 3064 rescinditur.

144 3089 244 3173 Atqui
264 3089 297 3152 in
316 3089 548 3174 generabilihus
578 3101 609 3152 et
630 3092 888 3174 corruptibilibus
914 3095 970 3156 has
999 3093 1141 3156 videmus

145 3213 215 3256 esse
240 3214 348 3256 causas
374 3205 502 3274 praeter
528 3206 688 3272 naturam,
735 3218 814 3279 quae
833 3197 902 3279 ipsa
910 3173 1079 3261 'constituit
1104 3214 1141 3256 ac

144 3294 291 3370 fabricat,
315 3295 524 3374 Electionem‚
553 3296 669 3362 Casum
685 3312 716 3361 et
727 3301 912 3364 Fortrmam.
956 3297 994 3362 In
1008 3298 1044 3362 iis
1059 3298 1139 3359 enim

144 3420 211 3462 non
229 3410 279 3460 cst
296 3420 363 3475 ars,
390 3423 459 3462 cum
480 3399 616 3484 quorum
637 3403 726 3465 nullo
743 3405 856 3465 Fatum
870 3403 953 3464 idem
969 3423 1037 3464 csse
1053 3398 1141 3463 vidc-

145 3513 210 3564 tur.
266 3502 436 3584 Reliquum
465 3505 562 3590 igitur
590 3519 637 3568 est
667 3518 702 3568 ut
733 3507 848 3568 Fatum
881 3505 957 3567 nibil
989 3505 1072 3566 aliud
1099 3506 1140 3568 sit

148 3631 238 3692 quain
254 3608 389 3692 propria
402 3619 512 3671 natura
529 3608 783 3692 uniuscuiusque.
828 3609 903 3672 Non
925 3607 1005 3670 enim
1025 3608 1057 3670 in
1072 3609 1141 3673 uni-

147 3713 261 3776 versali
288 3725 320 3776 et
349 3711 505 3774 communi
534 3723 582 3774 est
607 3713 753 3786 Fatum,
776 3723 810 3773 ut
832 3711 862 3773 in
886 3733 1001 3796 genere
1023 3714 1053 3774 in
1075 3714 1142 3775 ani-

147 3817 300 3892 malibus,
325 3814 524 3890 hominibus,
559 3816 667 3878 sedin
694 3814 921 3898 singularibus,
955 3817 1142 3878 Socraten
1167 3875 1172 3881 .

148 3917 261 3982 Callia.
323 3919 361 3980 ln
393 3917 441 3980 bis
470 3930 570 3982 autem
602 3919 734 4004 propria
764 3930 875 3984 natura
898 3918 1086 4004 principium
1112 3931 1142 3982 et
