2694 4508
292 815 750 954 ΑΛΕΞΑΝΛΡοῩ
779 846 1233 994 Αοσοιιξειεοε

496 1122 499 1129 -
524 1078 607 1171 πρὸς
635 1077 712 1160 τοὺς
741 1077 989 1176 άυτοκράτορας

208 1321 211 1334 .
255 1244 739 1344 ΠΕΡῘἙΙΜΑΡΜΕΝΙΙΣ
763 1279 857 1347 ΚΑΙ
886 1278 981 1346 τοι
1011 1272 1096 1347 σοι’·
1116 1277 1266 1348 Ἡιεια.
1310 1298 1316 1394 )

1313 1602 1316 1633 )

724 1710 774 1790 A.

306 1805 394 1888 ἯΝ
418 1823 478 1908 μὲν
505 1815 545 1886 δι’
576 1817 670 1909 εὐχῆς
696 1845 772 1907 μοι,
808 1822 958 1909 μέγγστοι
975 1817 1261 1915 Ἀυτοκράτορες,
1314 1868 1319 1955 Ι

248 1925 382 2015 Σεβῆρε
403 1929 458 1990 καὶ
477 1919 664 2005 Ἀντωνῖνε,
696 1921 787 2014 άυτῷ
807 1929 968 2016 γενομένῳ
989 1922 1065 2016 παρ’
1089 1922 1175 2013 ὑμᾶς
1204 1933 1263 1993 καὶ

249 2031 433 2127 προςειπεῖν
454 2032 510 2092 καὶ
531 2027 814 2112 καθομολογῆσαι
833 2023 932 2154 χάριν
954 2031 980 2109 ¹)
1009 2024 1089 2095 ἀνθ’
1114 2017 1158 2094 ὧν
1179 2028 1261 2095 ἕποι-
1315 2074 1319 2163 Ι

248 2119 362 2196 θον
346 2128 381 2195 εὖ
407 2153 477 2220 παρ
514 2122 605 2214 ὑμῶν
631 2124 866 2210 πολλάκις,
847 2135 897 2195 αεὶ
925 2127 1028 2218 τυχὼν
1054 2125 1186 2198 πάντων
1215 2121 1261 2198 ὧν

247 2227 386 2315 ἠξίωσα,
414 2228 517 2351 μετά
525 2229 728 2350 μαρτυρίας,
765 2225 808 2310 ὥς
828 2227 1064 2332 4)δίιιοιιος
1032 2257 1115 2300 ειναι
1136 2224 1259 2322 τνγχά-
1316 2272 1318 2307 ι

246 2359 313 2404 νειν
332 2335 474 2402 τοιαῦτα
497 2327 699 2421 άιτοάμενος.
737 2329 832 2401 Επεὶ
860 2336 941 2402 δὲ
925 2338 1054 2426 εφεῖται
1076 2335 1121 2416 ³),
1158 2337 1186 2402 έι
1207 2333 1250 2424 με’

245 2432 359 2559 παρών
379 2463 430 2517 τις
450 2443 521 2516 τοῖς
549 2438 648 2528 ἱεροῖς
674 2430 774 2504 θάειν
802 2441 873 2515 τοῖς
899 2437 993 2516 Θεοῖς
1028 2431 1059 2521 4)
1096 2433 1255 2520 δύναται,

244 2537 285 2609 τὸ
306 2535 406 2609 θείειν
428 2536 542 2619 άυτοῖς
562 2533 780 2626 πανταχόθεν
806 2565 841 2606 τε
872 2545 928 2606 καὶ
959 2541 1150 2628 πανταχου,
1197 2547 1254 2609 καὶ

213 2727 215 2740 Ι
242 2646 380 2733 πέμπειν
411 2635 622 2732 ἀναθήματα
654 2632 711 2723 ³a)
723 2692 732 2723 ,
768 2635 860 2730 άμι)
889 2643 1031 2730 κομίζειν
1060 2639 1161 2722 άυτὸς
1182 2639 1254 2723 ὁῖὁς
1320 2631 1322 2688 4

243 2772 279 2814 τε
300 2733 341 2828 ἦν
362 2748 409 2830 ³),
444 2743 623 2839 έθάρσησοι
645 2739 729 2836 πρὸς
748 2739 836 2833 ὑμεῖς
865 2739 894 2827 6)
927 2746 967 2839 τῇ
989 2743 1073 2838 πρὸς
1094 2742 1133 2813 τὸ
1155 2749 1255 2814 θεῖον

241 2848 389 2940 έξουσίφ,
411 2850 467 2917 καί
487 2875 562 2918 τινα
582 2843 734 2941 ἀπαρχὴν
755 2847 785 2931 ⁷)
807 2842 882 2937 ὑμῖν
904 2851 968 2915 τῶν
988 2844 1150 2938 ἡμετέρων
1171 2873 1254 2940 καρ-

240 2951 311 3019 πῶν
332 2947 498 3040 ἀνάθημα
520 2955 673 3046 πέμψαι,
720 2945 924 3018 ὄικειότατον
948 2944 1024 3037 ὑμῖν
1056 2949 1085 3033 ⁸)
1117 2945 1253 3032 άναθη-

226 3050 376 3145 ’μάτων“
376 3049 539 3123 ἁπάντων.
593 3055 635 3120 Τί
653 3049 718 3144 γάρ
740 3049 781 3120 άν
803 3048 1001 3143 ὃικειότερον
1021 3058 1092 3130 τοῖς
1112 3055 1252 3138 γνησίως

242 3158 450 3253 φιλοσοφίαν
470 3157 588 3245 τιμῶσί
623 3159 652 3239 ³)
688 3180 723 3222 τε
761 3161 818 3224 και
849 3150 1054 3247 προάγουσιν
1082 3150 1251 3245 άνάθημα

241 3264 385 3349 γένοιτο,
427 3260 560 3348 βιβλίου
592 3254 850 3346 ὑπισχνουμένου
878 3259 1028 3348 θεωρίαν
1060 3252 1251 3352 φιλόσοφον

240 3369 403 3487 περισχεῖν
424 3369 480 3432 καί
508 3359 567 3444 τὴν
596 3358 696 3443 δόξαν
730 3364 775 3444 ¹⁰)
808 3357 868 3442 τὴν
884 3356 1162 3451 Αριστοτέλους,
1210 3357 1253 3442 ίμ

125 3469 128 3480 ”
240 3466 305 3584 ἔχει
325 3467 399 3558 περί
423 3493 458 3535 τε
485 3467 604 3549 ¹⁰a)‘
589 3466 790 3592 ειμαρμέμης
818 3468 874 3530 καὶ
903 3466 963 3531 τοῦ
990 3459 1040 3557 ἐφ
1074 3459 1172 3580 ἡμῖν,
1210 3458 1250 3530 ὁῦ

240 3570 298 3651 τῆς
320 3570 526 3663 φιλοσοφίας
546 3572 752 3658 προίσταμαι
780 3569 869 3650 ¹⁰b),
918 3562 983 3634 ὑπὸ
1012 3567 1071 3648 τῆς
1091 3561 1249 3656 ὑμετέρας

144 3757 147 3762 ,
236 3673 423 3766 μαρτυρίας
444 3667 685 3750 διδάσκαλος
665 3671 767 3752 αυτῆς
795 3671 1038 3760 κεκηρυγμένος.
1093 3666 1188 3764 Ἐστι
1212 3671 1247 3734 δὲ

236 3773 369 3855 οὐδενὸς
391 3771 540 3867 δεύτερον
562 3777 625 3841 τῶν
647 3771 733 3841 κατά
747 3773 953 3864 φιλοσοφίαν
975 3766 1147 3857 δογμάτων
1168 3774 1245 3838 τοῖι-

236 3906 275 3948 το
297 3876 336 3947 τὸ
359 3873 482 3966 δόγμα·
518 3862 574 3959 ίίτε
594 3874 661 3967 γάρ
682 3871 735 3942 ἀπ’
759 3871 862 3941 άυτοῦ
885 3876 925 3956 ¹¹)
954 3874 1048 3963 χρεία
1076 3873 1246 3961 πανταχοῦ
