2748 4514
70 308 284 388 ,ιε

243 472 337 563 μεῖόν
358 470 566 557 ἑοτιν,ὀλλλ’,
584 469 754 594 ἀγαπητόν
775 476 831 539 ἕνα
852 490 918 538 που
935 472 1054 557 λαβεῖν
1073 468 1122 552 ²⁰)
1145 471 1266 538 τοιοῦ-

244 589 322 660 τον,
353 573 390 656 ὃς
412 573 451 644 δι
477 572 643 659 ἀσκήσεώς
663 601 697 642 τε
719 580 773 641 καὶ
795 573 1010 650 διδασκαλίας
1031 573 1176 643 δείκνυσι
1198 569 1265 654 τὴν

243 684 309 748 τῶν
328 675 520 799 ἀνθρώπων
540 676 624 770 πρὸς
644 675 689 744 τὰ
709 675 796 744 ἄλλα
817 677 884 756 ζῶα
899 671 1043 769 φυσικὴν
1057 675 1259 756 πλεονεξιαν,

244 779 283 851 δι’
318 778 422 849 άντοῦ
445 777 644 873 προςτιθεὶς
676 777 713 846 τό
742 775 923 866 άναγκαῐον
951 772 1108 844 ἐνδέον
1055 779 1196 896 ημῶν
1215 781 1258 872 τῇ

244 880 363 979 φύσει,
403 881 460 952 διά
481 886 585 951 τοῦτο
607 878 656 976 ἐφ
679 876 757 969 ἡμῖν
777 905 809 949 τι
802 879 864 918 ²⁰
879 881 952 961 a)’
936 902 1024 946 εστιν
1043 873 1066 960 ἡ
1088 880 1153 946 τῶν
1174 874 1254 968 άρε-

243 989 306 1056 τών
328 989 462 1070 κτῆσις,
499 992 554 1054 καὶ
583 982 652 1052 οὐκ
671 981 847 1112 ἄχρηστοι,
881 978 957 1050 όότε
983 977 1091 1070 μάτην
1121 975 1198 1050 όότε
1220 985 1255 1050 οἱ

243 1091 372 1159 ἔπαινοι
383 1137 393 1172 ,
415 1084 489 1157 όότε
505 1092 536 1156 ολ
550 1083 672 1183 ψόγοι,
694 1084 767 1154 οὐτε
790 1113 825 1154 αι
845 1081 928 1178 πρὸς
949 1087 1079 1170 βέλτιον
1099 1083 1147 1167 ²¹)
1168 1110 1253 1176 προ-

242 1199 384 1284 τροπαὶ,
420 1187 498 1257 οὐθ’
527 1187 548 1272 ἦ
576 1187 634 1257 διά
660 1190 725 1257 τῶν
751 1183 927 1276 βελτιόνων
954 1189 1045 1255 ἐθῶν
1065 1185 1153 1254 κατά
1174 1185 1252 1266 τοὺς

245 1292 367 1382 νόμους
388 1288 510 1380 άγωγή.
558 1293 630 1359 Τῶν
650 1299 710 1379 μὲν
731 1289 795 1380 γὰρ
817 1287 916 1383 φύσει
937 1296 1023 1358 τισὶν
1036 1285 1251 1378 ὑπαρχόντων

244 1392 339 1463 οὐδὲν
361 1391 466 1462 όῖόντε
488 1388 552 1460 όπό
573 1417 662 1471 τινος
683 1393 789 1472 ἔθους
809 1389 943 1461 ἀλλοῖον
964 1391 1136 1479 γενέσθαι.
1184 1390 1250 1482 Οὐχ

206 1498 210 1508 '
245 1494 330 1566 όότω
358 1491 519 1574 πολλάκις
546 1493 585 1562 τὸ
614 1491 720 1587 βάρος
750 1496 824 1585 ἔχον
854 1491 1151 1588 άναῤῥιρθὴσεται
1163 1543 1173 1577 ,
1208 1491 1251 1573 ὡς

176 1656 185 1668 ,
244 1601 434 1682 ἐθισθῆναι
456 1595 542 1666 κατά
559 1595 621 1690 τὴν
643 1594 746 1666 άντοῦ
768 1594 869 1692 φύσιν
890 1595 957 1666 άνω
979 1602 1170 1692 φέρεσθαι·
1208 1596 1249 1665 τὰ

244 1707 279 1772 δὲ
301 1701 376 1788 ἤθη
397 1703 462 1770 τῶν
483 1697 672 1793 ἀνθρώπων
692 1699 768 1770 τοιά
794 1703 850 1768 ’καὶ
872 1697 949 1767 τοιόι
971 1697 1112 1768 θεατῶν
1134 1703 1250 1794 διαφε-

244 1801 369 1898 ρόντων
390 1807 481 1874 ἐθῶν
501 1805 626 1891 γίνεται
641 1811 736 1885 ‚aaz
758 1807 808 1872 ἐπὶ
825 1811 889 1892 μὲν
910 1804 975 1870 τῶν
997 1798 1094 1896 φύσει
1116 1802 1251 1895 πρώτας

178 1969 190 1990 ,
243 1907 304 1988 τὰς
325 1909 404 1991 ἕξεις
424 1911 476 1990 ²²)
497 1904 704 1997 κτησάμενοι
716 1901 819 1986 όότως
841 1907 1029 1998 ἐνεργοῦμεν
1049 1901 1118 1973 κατ’
1136 1903 1250 1988 διττάς,

246 2009 284 2080 οὐ
305 2010 374 2132 γὰρ
394 2007 518 2090 ἰδόντες
539 2007 697 2088 πολλάκις
716 2006 776 2091 τὴν
798 2006 954 2104 ὁρατικὴν
987 2008 1050 2088 ἕξιν
1071 2003 1249 2095 κτώμεθα,

245 2237 296 2282 σει
317 2216 351 2280 ἐκ
372 2217 435 2281 τῶν
457 2216 620 2305 ἐνεργειῶν
640 2211 700 2292 τάς
721 2215 799 2296 ἕξεις
819 2167 989 2302 κτώμεθα
1036 2210 1141 2280 (λά
1103 2240 1168 2306 γαρ
1191 2211 1250 2282 άλ-

245 2321 310 2396 λος
331 2318 450 2383 τέκτων
470 2323 520 2396 τὶς
541 2313 582 2386 όν
603 2320 730 2403 γένοιτο
750 2314 796 2405 μὴ
820 2312 979 2394 πολλάκις
1000 2311 1176 2403 ἐνεργήσας
1188 2314 1250 2396 τὰς

244 2421 303 2488 τοῦ
325 2422 475 2498 τέκτονος
496 2421 669 2512 ἐνεργείας,
705 2416 791 2487 κατά
816 2417 877 2498 τὰς
905 2414 1083 2500 ὑποθήκας
1101 2423 1185 2488 τοῦ.
1199 2423 1249 2488 ὃν

244 2517 447 2602 δάσκοντος·
485 2515 552 2602 ώςί
583 2525 648 2591 ἐπεὶ
676 2530 732 2590 καὶ
760 2519 819 2602 τάς
840 2519 959 2614 ἀρετάς
981 2517 1066 2589 όότω
1088 2518 1250 2610 κτώμεθα

243 2628 461 2717 (ἐνεργοῦντες
481 2625 545 2717 γάρ
567 2622 687 2693 καὶτὰ
708 2623 898 2719 σωφρονικὰ
918 2619 1090 2712 γινόμεθα
1112 2621 1248 2719 σώφρο-

243 2731 309 2810 νες)
332 2726 392 2797 οὐκ
412 2726 454 2798 ἂν
474 2725 552 2818 ἡμῖν
573 2725 748 2821 όπάρχοιεν
770 2724 877 2820 φύσει.

311 2925 350 3002 Οἱ
372 2936 408 3000 δὲ
425 2927 608 3027 φάσκοντες
628 2935 662 3016 ἐξ
682 2931 826 3022 άνάγκης
846 2931 933 3024 ἡμᾶς
954 2935 1036 3004 ἕῖναί
1064 2960 1099 3004 τε
1120 2942 1177 3006 καὶ
1198 2963 1250 3024 γι·

244 3040 371 3104 νεοθαι
393 3032 581 3118 τοιούτους,
614 3044 670 3104 καὶ
697 3035 742 3125 μὴ
764 3034 999 3122 καταλιπόντες
1021 3033 1099 3127 ἡμῖν
1121 3036 1182 3122 τὴν
1200 3041 1252 3122 ἐξ·
1352 3047 1356 3056 ’

243 3140 363 3208 ουσίαν
383 3141 442 3206 τοῦ
463 3142 571 3206 ταῦτα
591 3135 747 3230 πράττειν
767 3166 801 3208 τε
823 3147 878 3208 καὶ
897 3139 961 3228 μὴ,
989 3137 1029 3209 δι’
1053 3133 1097 3210 ὧν
1118 3139 1160 3211 ἂν
1179 3168 1252 3211 τοι·

243 3245 335 3311 οὗτοι
366 3242 565 3331 γενοίμεθα,
611 3249 667 3309 καλ
698 3239 754 3310 διά
785 3246 885 3310 τοῦτο
915 3238 997 3331 μήτε
1031 3249 1100 3323 τοῖς
1135 3251 1251 3328 κακοῖς

241 3350 426 3436 γενομένοις
448 3347 564 3428 ἐξεῖναι
583 3341 629 3433 μὴ
654 3347 762 3412 ταῦτα
788 3341 962 3436 πράττειν,
999 3340 1021 3414 ά
1049 3342 1251 3439 πράττοντες

241 3449 387 3534 γίνονται
410 3445 682 3538 τοιοῦτοι,,μήτε
703 3453 773 3526 τοῖς
794 3445 963 3536 ἀγαθοῖς,
997 3452 1073 3532 πῶς
1086 3447 1152 3539 οὐχ,
1167 3447 1250 3572 όμοὲ

243 3546 423 3637 λογήοοοσι
445 3549 601 3621 κάκιστον
621 3555 788 3640 γεγονέναι
809 3555 873 3674 τῶγ
894 3548 1029 3634 ξόαν’
1009 3549 1163 3624 απάντων
1182 3550 1250 3622 ὑπὸ

241 3656 301 3736 τῆς
322 3649 452 3741 φάσεως
472 3654 531 3723 τόν
552 3654 735 3750 ἄνθρωπον
746 3705 756 3737 ,
778 3649 861 3724 Bam
841 3681 879 3724 ον
900 3679 986 3749 φασι
1008 3652 1125 3756 πάντα·
1139 3645 1249 3732 τᾶλλα

242 3753 451 3844 γενέσθαι“
428 3778 472 3836 ως
493 3764 731 3828 σνντελὲοαντα
759 3763 787 3843 ¹)
813 3757 896 3847 πρός
921 3758 982 3842 τὴν
1002 3751 1123 3829 τούτου
1144 3785 1251 3845 σωτη-

244 3861 336 3950 ρὲανς
368 3855 419 3928 'Ec
439 3858 504 3951 γάρ
524 3857 626 3949 άμὲν
647 3859 746 3954 άρετη
767 3889 801 3932 τε
823 3860 917 3933 καΓ
898 3891 919 3946 η
941 3888 1040 3936 κακια
1060 3860 1162 3950 μόναι
1177 3862 1246 3936 κατ’
